%YAML 1.1
%TAG !u! tag:unity3d.com,2011:
--- !u!1 &5835816386859974675
GameObject:
  m_ObjectHideFlags: 0
  m_CorrespondingSourceObject: {fileID: 0}
  m_PrefabInstance: {fileID: 0}
  m_PrefabAsset: {fileID: 0}
  serializedVersion: 6
  m_Component:
  - component: {fileID: 5835816386859974676}
  m_Layer: 0
  m_Name: Blocks
  m_TagString: Untagged
  m_Icon: {fileID: 0}
  m_NavMeshLayer: 0
  m_StaticEditorFlags: 0
  m_IsActive: 1
--- !u!4 &5835816386859974676
Transform:
  m_ObjectHideFlags: 0
  m_CorrespondingSourceObject: {fileID: 0}
  m_PrefabInstance: {fileID: 0}
  m_PrefabAsset: {fileID: 0}
  m_GameObject: {fileID: 5835816386859974675}
  m_LocalRotation: {x: 0, y: 0, z: 0, w: 1}
  m_LocalPosition: {x: 0, y: 0, z: 0}
  m_LocalScale: {x: 1, y: 1, z: 1}
  m_Children:
  - {fileID: 3045914013212867846}
  m_Father: {fileID: 5835816387190236989}
  m_RootOrder: 0
  m_LocalEulerAnglesHint: {x: 0, y: 0, z: 0}
--- !u!1 &5835816387190236987
GameObject:
  m_ObjectHideFlags: 0
  m_CorrespondingSourceObject: {fileID: 0}
  m_PrefabInstance: {fileID: 0}
  m_PrefabAsset: {fileID: 0}
  serializedVersion: 6
  m_Component:
  - component: {fileID: 5835816387190236989}
  - component: {fileID: 5835816387190236988}
  m_Layer: 0
  m_Name: Stage (3)
  m_TagString: Untagged
  m_Icon: {fileID: 0}
  m_NavMeshLayer: 0
  m_StaticEditorFlags: 0
  m_IsActive: 1
--- !u!4 &5835816387190236989
Transform:
  m_ObjectHideFlags: 0
  m_CorrespondingSourceObject: {fileID: 0}
  m_PrefabInstance: {fileID: 0}
  m_PrefabAsset: {fileID: 0}
  m_GameObject: {fileID: 5835816387190236987}
  m_LocalRotation: {x: 0, y: 0, z: 0, w: 1}
  m_LocalPosition: {x: 0, y: 0, z: 0}
  m_LocalScale: {x: 1, y: 1, z: 1}
  m_Children:
  - {fileID: 5835816386859974676}
  - {fileID: 5835816387257073489}
  m_Father: {fileID: 0}
  m_RootOrder: 0
  m_LocalEulerAnglesHint: {x: 0, y: 0, z: 0}
--- !u!114 &5835816387190236988
MonoBehaviour:
  m_ObjectHideFlags: 0
  m_CorrespondingSourceObject: {fileID: 0}
  m_PrefabInstance: {fileID: 0}
  m_PrefabAsset: {fileID: 0}
  m_GameObject: {fileID: 5835816387190236987}
  m_Enabled: 1
  m_EditorHideFlags: 0
  m_Script: {fileID: 11500000, guid: 44a8456c8031e47868a7c783460cc180, type: 3}
  m_Name: 
  m_EditorClassIdentifier: 
  BlockClusters:
  - {fileID: 3998181710001438778}
--- !u!1 &5835816387257073488
GameObject:
  m_ObjectHideFlags: 0
  m_CorrespondingSourceObject: {fileID: 0}
  m_PrefabInstance: {fileID: 0}
  m_PrefabAsset: {fileID: 0}
  serializedVersion: 6
  m_Component:
  - component: {fileID: 5835816387257073489}
  m_Layer: 0
  m_Name: Obstacle
  m_TagString: Untagged
  m_Icon: {fileID: 0}
  m_NavMeshLayer: 0
  m_StaticEditorFlags: 0
  m_IsActive: 1
--- !u!4 &5835816387257073489
Transform:
  m_ObjectHideFlags: 0
  m_CorrespondingSourceObject: {fileID: 0}
  m_PrefabInstance: {fileID: 0}
  m_PrefabAsset: {fileID: 0}
  m_GameObject: {fileID: 5835816387257073488}
  m_LocalRotation: {x: 0, y: 0, z: 0, w: 1}
  m_LocalPosition: {x: 0, y: 0, z: 0}
  m_LocalScale: {x: 1, y: 1, z: 1}
  m_Children:
  - {fileID: 4159452046796962919}
  - {fileID: 293565502354593284}
  m_Father: {fileID: 5835816387190236989}
  m_RootOrder: 1
  m_LocalEulerAnglesHint: {x: 0, y: 0, z: 0}
--- !u!1001 &1835087399215466787
PrefabInstance:
  m_ObjectHideFlags: 0
  serializedVersion: 2
  m_Modification:
    m_TransformParent: {fileID: 5835816387257073489}
    m_Modifications:
    - target: {fileID: 2118237740564684583, guid: ea156202535374f9e9c80940fd1dcffd,
        type: 3}
      propertyPath: m_LocalPosition.x
      value: 8
      objectReference: {fileID: 0}
    - target: {fileID: 2118237740564684583, guid: ea156202535374f9e9c80940fd1dcffd,
        type: 3}
      propertyPath: m_LocalPosition.y
      value: 0
      objectReference: {fileID: 0}
    - target: {fileID: 2118237740564684583, guid: ea156202535374f9e9c80940fd1dcffd,
        type: 3}
      propertyPath: m_LocalPosition.z
      value: 19.7
      objectReference: {fileID: 0}
    - target: {fileID: 2118237740564684583, guid: ea156202535374f9e9c80940fd1dcffd,
        type: 3}
      propertyPath: m_LocalRotation.x
      value: 0
      objectReference: {fileID: 0}
    - target: {fileID: 2118237740564684583, guid: ea156202535374f9e9c80940fd1dcffd,
        type: 3}
      propertyPath: m_LocalRotation.y
      value: 0
      objectReference: {fileID: 0}
    - target: {fileID: 2118237740564684583, guid: ea156202535374f9e9c80940fd1dcffd,
        type: 3}
      propertyPath: m_LocalRotation.z
      value: 0
      objectReference: {fileID: 0}
    - target: {fileID: 2118237740564684583, guid: ea156202535374f9e9c80940fd1dcffd,
        type: 3}
      propertyPath: m_LocalRotation.w
      value: 1
      objectReference: {fileID: 0}
    - target: {fileID: 2118237740564684583, guid: ea156202535374f9e9c80940fd1dcffd,
        type: 3}
      propertyPath: m_RootOrder
      value: 1
      objectReference: {fileID: 0}
    - target: {fileID: 2118237740564684583, guid: ea156202535374f9e9c80940fd1dcffd,
        type: 3}
      propertyPath: m_LocalEulerAnglesHint.x
      value: 0
      objectReference: {fileID: 0}
    - target: {fileID: 2118237740564684583, guid: ea156202535374f9e9c80940fd1dcffd,
        type: 3}
      propertyPath: m_LocalEulerAnglesHint.y
      value: 0
      objectReference: {fileID: 0}
    - target: {fileID: 2118237740564684583, guid: ea156202535374f9e9c80940fd1dcffd,
        type: 3}
      propertyPath: m_LocalEulerAnglesHint.z
      value: 0
      objectReference: {fileID: 0}
    - target: {fileID: 2444436055343157851, guid: ea156202535374f9e9c80940fd1dcffd,
        type: 3}
      propertyPath: m_Name
      value: ObstacleCluster2 (1)
      objectReference: {fileID: 0}
    m_RemovedComponents: []
  m_SourcePrefab: {fileID: 100100000, guid: ea156202535374f9e9c80940fd1dcffd, type: 3}
--- !u!4 &293565502354593284 stripped
Transform:
  m_CorrespondingSourceObject: {fileID: 2118237740564684583, guid: ea156202535374f9e9c80940fd1dcffd,
    type: 3}
  m_PrefabInstance: {fileID: 1835087399215466787}
  m_PrefabAsset: {fileID: 0}
--- !u!1001 &2656043620598391616
PrefabInstance:
  m_ObjectHideFlags: 0
  serializedVersion: 2
  m_Modification:
    m_TransformParent: {fileID: 5835816387257073489}
    m_Modifications:
    - target: {fileID: 2118237740564684583, guid: ea156202535374f9e9c80940fd1dcffd,
        type: 3}
      propertyPath: m_LocalPosition.x
      value: -8
      objectReference: {fileID: 0}
    - target: {fileID: 2118237740564684583, guid: ea156202535374f9e9c80940fd1dcffd,
        type: 3}
      propertyPath: m_LocalPosition.y
      value: 0
      objectReference: {fileID: 0}
    - target: {fileID: 2118237740564684583, guid: ea156202535374f9e9c80940fd1dcffd,
        type: 3}
      propertyPath: m_LocalPosition.z
      value: 19.7
      objectReference: {fileID: 0}
    - target: {fileID: 2118237740564684583, guid: ea156202535374f9e9c80940fd1dcffd,
        type: 3}
      propertyPath: m_LocalRotation.x
      value: 0
      objectReference: {fileID: 0}
    - target: {fileID: 2118237740564684583, guid: ea156202535374f9e9c80940fd1dcffd,
        type: 3}
      propertyPath: m_LocalRotation.y
      value: 0
      objectReference: {fileID: 0}
    - target: {fileID: 2118237740564684583, guid: ea156202535374f9e9c80940fd1dcffd,
        type: 3}
      propertyPath: m_LocalRotation.z
      value: 0
      objectReference: {fileID: 0}
    - target: {fileID: 2118237740564684583, guid: ea156202535374f9e9c80940fd1dcffd,
        type: 3}
      propertyPath: m_LocalRotation.w
      value: 1
      objectReference: {fileID: 0}
    - target: {fileID: 2118237740564684583, guid: ea156202535374f9e9c80940fd1dcffd,
        type: 3}
      propertyPath: m_RootOrder
      value: 0
      objectReference: {fileID: 0}
    - target: {fileID: 2118237740564684583, guid: ea156202535374f9e9c80940fd1dcffd,
        type: 3}
      propertyPath: m_LocalEulerAnglesHint.x
      value: 0
      objectReference: {fileID: 0}
    - target: {fileID: 2118237740564684583, guid: ea156202535374f9e9c80940fd1dcffd,
        type: 3}
      propertyPath: m_LocalEulerAnglesHint.y
      value: 0
      objectReference: {fileID: 0}
    - target: {fileID: 2118237740564684583, guid: ea156202535374f9e9c80940fd1dcffd,
        type: 3}
      propertyPath: m_LocalEulerAnglesHint.z
      value: 0
      objectReference: {fileID: 0}
    - target: {fileID: 2444436055343157851, guid: ea156202535374f9e9c80940fd1dcffd,
        type: 3}
      propertyPath: m_Name
      value: ObstacleCluster2
      objectReference: {fileID: 0}
    m_RemovedComponents: []
  m_SourcePrefab: {fileID: 100100000, guid: ea156202535374f9e9c80940fd1dcffd, type: 3}
--- !u!4 &4159452046796962919 stripped
Transform:
  m_CorrespondingSourceObject: {fileID: 2118237740564684583, guid: ea156202535374f9e9c80940fd1dcffd,
    type: 3}
  m_PrefabInstance: {fileID: 2656043620598391616}
  m_PrefabAsset: {fileID: 0}
--- !u!1001 &5835816388323955061
PrefabInstance:
  m_ObjectHideFlags: 0
  serializedVersion: 2
  m_Modification:
    m_TransformParent: {fileID: 5835816386859974676}
    m_Modifications:
    - target: {fileID: 154251941171072363, guid: 4799244b6b145405e9f2666101f7450e,
        type: 3}
      propertyPath: m_Name
      value: BlockCluster3
      objectReference: {fileID: 0}
    - target: {fileID: 8843309065592122483, guid: 4799244b6b145405e9f2666101f7450e,
        type: 3}
      propertyPath: m_LocalPosition.x
      value: 0
      objectReference: {fileID: 0}
    - target: {fileID: 8843309065592122483, guid: 4799244b6b145405e9f2666101f7450e,
        type: 3}
      propertyPath: m_LocalPosition.y
      value: 0
      objectReference: {fileID: 0}
    - target: {fileID: 8843309065592122483, guid: 4799244b6b145405e9f2666101f7450e,
        type: 3}
      propertyPath: m_LocalPosition.z
      value: 6.4
      objectReference: {fileID: 0}
    - target: {fileID: 8843309065592122483, guid: 4799244b6b145405e9f2666101f7450e,
        type: 3}
      propertyPath: m_LocalRotation.x
      value: 0
      objectReference: {fileID: 0}
    - target: {fileID: 8843309065592122483, guid: 4799244b6b145405e9f2666101f7450e,
        type: 3}
      propertyPath: m_LocalRotation.y
      value: 0
      objectReference: {fileID: 0}
    - target: {fileID: 8843309065592122483, guid: 4799244b6b145405e9f2666101f7450e,
        type: 3}
      propertyPath: m_LocalRotation.z
      value: 0
      objectReference: {fileID: 0}
    - target: {fileID: 8843309065592122483, guid: 4799244b6b145405e9f2666101f7450e,
        type: 3}
      propertyPath: m_LocalRotation.w
      value: 1
      objectReference: {fileID: 0}
    - target: {fileID: 8843309065592122483, guid: 4799244b6b145405e9f2666101f7450e,
        type: 3}
      propertyPath: m_RootOrder
      value: 0
      objectReference: {fileID: 0}
    - target: {fileID: 8843309065592122483, guid: 4799244b6b145405e9f2666101f7450e,
        type: 3}
      propertyPath: m_LocalEulerAnglesHint.x
      value: 0
      objectReference: {fileID: 0}
    - target: {fileID: 8843309065592122483, guid: 4799244b6b145405e9f2666101f7450e,
        type: 3}
      propertyPath: m_LocalEulerAnglesHint.y
      value: 0
      objectReference: {fileID: 0}
    - target: {fileID: 8843309065592122483, guid: 4799244b6b145405e9f2666101f7450e,
        type: 3}
      propertyPath: m_LocalEulerAnglesHint.z
      value: 0
      objectReference: {fileID: 0}
    m_RemovedComponents: []
  m_SourcePrefab: {fileID: 100100000, guid: 4799244b6b145405e9f2666101f7450e, type: 3}
--- !u!4 &3045914013212867846 stripped
Transform:
  m_CorrespondingSourceObject: {fileID: 8843309065592122483, guid: 4799244b6b145405e9f2666101f7450e,
    type: 3}
  m_PrefabInstance: {fileID: 5835816388323955061}
  m_PrefabAsset: {fileID: 0}
--- !u!114 &3998181710001438778 stripped
MonoBehaviour:
  m_CorrespondingSourceObject: {fileID: 7458129212707852623, guid: 4799244b6b145405e9f2666101f7450e,
    type: 3}
  m_PrefabInstance: {fileID: 5835816388323955061}
  m_PrefabAsset: {fileID: 0}
  m_GameObject: {fileID: 0}
  m_Enabled: 1
  m_EditorHideFlags: 0
  m_Script: {fileID: 11500000, guid: 01a5ed615b99647c698e34e7d34376ea, type: 3}
  m_Name: 
  m_EditorClassIdentifier: 
