%YAML 1.1
%TAG !u! tag:unity3d.com,2011:
--- !u!1 &4278928587245727744
GameObject:
  m_ObjectHideFlags: 0
  m_CorrespondingSourceObject: {fileID: 0}
  m_PrefabInstance: {fileID: 0}
  m_PrefabAsset: {fileID: 0}
  serializedVersion: 6
  m_Component:
  - component: {fileID: 4278928587245727745}
  m_Layer: 0
  m_Name: Blocks
  m_TagString: Untagged
  m_Icon: {fileID: 0}
  m_NavMeshLayer: 0
  m_StaticEditorFlags: 0
  m_IsActive: 1
--- !u!4 &4278928587245727745
Transform:
  m_ObjectHideFlags: 0
  m_CorrespondingSourceObject: {fileID: 0}
  m_PrefabInstance: {fileID: 0}
  m_PrefabAsset: {fileID: 0}
  m_GameObject: {fileID: 4278928587245727744}
  m_LocalRotation: {x: 0, y: 0, z: 0, w: 1}
  m_LocalPosition: {x: 0, y: 0, z: 0}
  m_LocalScale: {x: 1, y: 1, z: 1}
  m_Children:
  - {fileID: 3478554256700427152}
  - {fileID: 3478554258312135889}
  - {fileID: 3478554257684570770}
  - {fileID: 7439721690965086082}
  - {fileID: 7439721689683483395}
  - {fileID: 7439721691119941274}
  - {fileID: 7439721690267637248}
  - {fileID: 7439721690036231311}
  - {fileID: 7439721690644872907}
  - {fileID: 7439721689436773887}
  - {fileID: 7439721689392330280}
  - {fileID: 7439721691003453402}
  - {fileID: 7439721691287499704}
  - {fileID: 7439721691015059361}
  - {fileID: 7439721690349939535}
  m_Father: {fileID: 4278928588286689249}
  m_RootOrder: 0
  m_LocalEulerAnglesHint: {x: 0, y: 0, z: 0}
--- !u!1 &4278928588258136185
GameObject:
  m_ObjectHideFlags: 0
  m_CorrespondingSourceObject: {fileID: 0}
  m_PrefabInstance: {fileID: 0}
  m_PrefabAsset: {fileID: 0}
  serializedVersion: 6
  m_Component:
  - component: {fileID: 4278928588258136186}
  m_Layer: 0
  m_Name: Obstacle
  m_TagString: Untagged
  m_Icon: {fileID: 0}
  m_NavMeshLayer: 0
  m_StaticEditorFlags: 0
  m_IsActive: 1
--- !u!4 &4278928588258136186
Transform:
  m_ObjectHideFlags: 0
  m_CorrespondingSourceObject: {fileID: 0}
  m_PrefabInstance: {fileID: 0}
  m_PrefabAsset: {fileID: 0}
  m_GameObject: {fileID: 4278928588258136185}
  m_LocalRotation: {x: 0, y: 0, z: 0, w: 1}
  m_LocalPosition: {x: 0, y: 0, z: 0}
  m_LocalScale: {x: 1, y: 1, z: 1}
  m_Children:
  - {fileID: 7020321402513042762}
  - {fileID: 7432742967468595530}
  - {fileID: 697608264113541557}
  - {fileID: 5301102143020701139}
  - {fileID: 5323131921384754178}
  - {fileID: 8854848778412929468}
  - {fileID: 508494131540878906}
  - {fileID: 2656113554448111472}
  m_Father: {fileID: 4278928588286689249}
  m_RootOrder: 1
  m_LocalEulerAnglesHint: {x: 0, y: 0, z: 0}
--- !u!1 &4278928588286689263
GameObject:
  m_ObjectHideFlags: 0
  m_CorrespondingSourceObject: {fileID: 0}
  m_PrefabInstance: {fileID: 0}
  m_PrefabAsset: {fileID: 0}
  serializedVersion: 6
  m_Component:
  - component: {fileID: 4278928588286689249}
  - component: {fileID: 4278928588286689248}
  m_Layer: 0
  m_Name: Stage (9)
  m_TagString: Untagged
  m_Icon: {fileID: 0}
  m_NavMeshLayer: 0
  m_StaticEditorFlags: 0
  m_IsActive: 1
--- !u!4 &4278928588286689249
Transform:
  m_ObjectHideFlags: 0
  m_CorrespondingSourceObject: {fileID: 0}
  m_PrefabInstance: {fileID: 0}
  m_PrefabAsset: {fileID: 0}
  m_GameObject: {fileID: 4278928588286689263}
  m_LocalRotation: {x: 0, y: 0, z: 0, w: 1}
  m_LocalPosition: {x: 0, y: 0, z: 0}
  m_LocalScale: {x: 1, y: 1, z: 1}
  m_Children:
  - {fileID: 4278928587245727745}
  - {fileID: 4278928588258136186}
  m_Father: {fileID: 0}
  m_RootOrder: 0
  m_LocalEulerAnglesHint: {x: 0, y: 0, z: 0}
--- !u!114 &4278928588286689248
MonoBehaviour:
  m_ObjectHideFlags: 0
  m_CorrespondingSourceObject: {fileID: 0}
  m_PrefabInstance: {fileID: 0}
  m_PrefabAsset: {fileID: 0}
  m_GameObject: {fileID: 4278928588286689263}
  m_Enabled: 1
  m_EditorHideFlags: 0
  m_Script: {fileID: 11500000, guid: 44a8456c8031e47868a7c783460cc180, type: 3}
  m_Name: 
  m_EditorClassIdentifier: 
  BlockClusters:
  - {fileID: 6082304573731725893}
  - {fileID: 6082304573195693316}
  - {fileID: 6082304572753709895}
  - {fileID: 1236088130662876274}
  - {fileID: 1236088132082372851}
  - {fileID: 1236088130482355562}
  - {fileID: 1236088131324288496}
  - {fileID: 1236088131562903423}
  - {fileID: 1236088131080762683}
  - {fileID: 1236088132288845327}
  - {fileID: 1236088132244176344}
  - {fileID: 1236088130717987882}
  - {fileID: 1236088130448619592}
  - {fileID: 1236088130713050193}
  - {fileID: 1236088131406618815}
--- !u!1001 &2281625917332472090
PrefabInstance:
  m_ObjectHideFlags: 0
  serializedVersion: 2
  m_Modification:
    m_TransformParent: {fileID: 4278928588258136186}
    m_Modifications:
    - target: {fileID: 4284506106821580394, guid: d5aba6fbd673745c683a27f02b5adbe5,
        type: 3}
      propertyPath: m_LocalPosition.x
      value: 12.5
      objectReference: {fileID: 0}
    - target: {fileID: 4284506106821580394, guid: d5aba6fbd673745c683a27f02b5adbe5,
        type: 3}
      propertyPath: m_LocalPosition.y
      value: 0
      objectReference: {fileID: 0}
    - target: {fileID: 4284506106821580394, guid: d5aba6fbd673745c683a27f02b5adbe5,
        type: 3}
      propertyPath: m_LocalPosition.z
      value: 10
      objectReference: {fileID: 0}
    - target: {fileID: 4284506106821580394, guid: d5aba6fbd673745c683a27f02b5adbe5,
        type: 3}
      propertyPath: m_LocalRotation.x
      value: -0.7071068
      objectReference: {fileID: 0}
    - target: {fileID: 4284506106821580394, guid: d5aba6fbd673745c683a27f02b5adbe5,
        type: 3}
      propertyPath: m_LocalRotation.y
      value: -0
      objectReference: {fileID: 0}
    - target: {fileID: 4284506106821580394, guid: d5aba6fbd673745c683a27f02b5adbe5,
        type: 3}
      propertyPath: m_LocalRotation.z
      value: -0
      objectReference: {fileID: 0}
    - target: {fileID: 4284506106821580394, guid: d5aba6fbd673745c683a27f02b5adbe5,
        type: 3}
      propertyPath: m_LocalRotation.w
      value: 0.7071068
      objectReference: {fileID: 0}
    - target: {fileID: 4284506106821580394, guid: d5aba6fbd673745c683a27f02b5adbe5,
        type: 3}
      propertyPath: m_RootOrder
      value: 7
      objectReference: {fileID: 0}
    - target: {fileID: 4284506106821580394, guid: d5aba6fbd673745c683a27f02b5adbe5,
        type: 3}
      propertyPath: m_LocalEulerAnglesHint.x
      value: -90
      objectReference: {fileID: 0}
    - target: {fileID: 4284506106821580394, guid: d5aba6fbd673745c683a27f02b5adbe5,
        type: 3}
      propertyPath: m_LocalEulerAnglesHint.y
      value: 0
      objectReference: {fileID: 0}
    - target: {fileID: 4284506106821580394, guid: d5aba6fbd673745c683a27f02b5adbe5,
        type: 3}
      propertyPath: m_LocalEulerAnglesHint.z
      value: 0
      objectReference: {fileID: 0}
    - target: {fileID: 6826118741282644745, guid: d5aba6fbd673745c683a27f02b5adbe5,
        type: 3}
      propertyPath: m_Name
      value: Block-HourGlass (7)
      objectReference: {fileID: 0}
    m_RemovedComponents: []
  m_SourcePrefab: {fileID: 100100000, guid: d5aba6fbd673745c683a27f02b5adbe5, type: 3}
--- !u!4 &2656113554448111472 stripped
Transform:
  m_CorrespondingSourceObject: {fileID: 4284506106821580394, guid: d5aba6fbd673745c683a27f02b5adbe5,
    type: 3}
  m_PrefabInstance: {fileID: 2281625917332472090}
  m_PrefabAsset: {fileID: 0}
--- !u!1001 &3664796086562375647
PrefabInstance:
  m_ObjectHideFlags: 0
  serializedVersion: 2
  m_Modification:
    m_TransformParent: {fileID: 4278928588258136186}
    m_Modifications:
    - target: {fileID: 4284506106821580394, guid: d5aba6fbd673745c683a27f02b5adbe5,
        type: 3}
      propertyPath: m_LocalPosition.x
      value: -10
      objectReference: {fileID: 0}
    - target: {fileID: 4284506106821580394, guid: d5aba6fbd673745c683a27f02b5adbe5,
        type: 3}
      propertyPath: m_LocalPosition.y
      value: 0
      objectReference: {fileID: 0}
    - target: {fileID: 4284506106821580394, guid: d5aba6fbd673745c683a27f02b5adbe5,
        type: 3}
      propertyPath: m_LocalPosition.z
      value: 12.5
      objectReference: {fileID: 0}
    - target: {fileID: 4284506106821580394, guid: d5aba6fbd673745c683a27f02b5adbe5,
        type: 3}
      propertyPath: m_LocalRotation.x
      value: -0.7071068
      objectReference: {fileID: 0}
    - target: {fileID: 4284506106821580394, guid: d5aba6fbd673745c683a27f02b5adbe5,
        type: 3}
      propertyPath: m_LocalRotation.y
      value: -0
      objectReference: {fileID: 0}
    - target: {fileID: 4284506106821580394, guid: d5aba6fbd673745c683a27f02b5adbe5,
        type: 3}
      propertyPath: m_LocalRotation.z
      value: -0
      objectReference: {fileID: 0}
    - target: {fileID: 4284506106821580394, guid: d5aba6fbd673745c683a27f02b5adbe5,
        type: 3}
      propertyPath: m_LocalRotation.w
      value: 0.7071068
      objectReference: {fileID: 0}
    - target: {fileID: 4284506106821580394, guid: d5aba6fbd673745c683a27f02b5adbe5,
        type: 3}
      propertyPath: m_RootOrder
      value: 2
      objectReference: {fileID: 0}
    - target: {fileID: 4284506106821580394, guid: d5aba6fbd673745c683a27f02b5adbe5,
        type: 3}
      propertyPath: m_LocalEulerAnglesHint.x
      value: -90
      objectReference: {fileID: 0}
    - target: {fileID: 4284506106821580394, guid: d5aba6fbd673745c683a27f02b5adbe5,
        type: 3}
      propertyPath: m_LocalEulerAnglesHint.y
      value: 0
      objectReference: {fileID: 0}
    - target: {fileID: 4284506106821580394, guid: d5aba6fbd673745c683a27f02b5adbe5,
        type: 3}
      propertyPath: m_LocalEulerAnglesHint.z
      value: 0
      objectReference: {fileID: 0}
    - target: {fileID: 6826118741282644745, guid: d5aba6fbd673745c683a27f02b5adbe5,
        type: 3}
      propertyPath: m_Name
      value: Block-HourGlass (2)
      objectReference: {fileID: 0}
    m_RemovedComponents: []
  m_SourcePrefab: {fileID: 100100000, guid: d5aba6fbd673745c683a27f02b5adbe5, type: 3}
--- !u!4 &697608264113541557 stripped
Transform:
  m_CorrespondingSourceObject: {fileID: 4284506106821580394, guid: d5aba6fbd673745c683a27f02b5adbe5,
    type: 3}
  m_PrefabInstance: {fileID: 3664796086562375647}
  m_PrefabAsset: {fileID: 0}
--- !u!1001 &4278928586791184227
PrefabInstance:
  m_ObjectHideFlags: 0
  serializedVersion: 2
  m_Modification:
    m_TransformParent: {fileID: 4278928587245727745}
    m_Modifications:
    - target: {fileID: 6656036114075860064, guid: 183b9bf8ffe354cf08b70abec40f08bf,
        type: 3}
      propertyPath: m_LocalPosition.x
      value: 10
      objectReference: {fileID: 0}
    - target: {fileID: 6656036114075860064, guid: 183b9bf8ffe354cf08b70abec40f08bf,
        type: 3}
      propertyPath: m_LocalPosition.y
      value: 0
      objectReference: {fileID: 0}
    - target: {fileID: 6656036114075860064, guid: 183b9bf8ffe354cf08b70abec40f08bf,
        type: 3}
      propertyPath: m_LocalPosition.z
      value: 0
      objectReference: {fileID: 0}
    - target: {fileID: 6656036114075860064, guid: 183b9bf8ffe354cf08b70abec40f08bf,
        type: 3}
      propertyPath: m_LocalRotation.x
      value: 0
      objectReference: {fileID: 0}
    - target: {fileID: 6656036114075860064, guid: 183b9bf8ffe354cf08b70abec40f08bf,
        type: 3}
      propertyPath: m_LocalRotation.y
      value: 0
      objectReference: {fileID: 0}
    - target: {fileID: 6656036114075860064, guid: 183b9bf8ffe354cf08b70abec40f08bf,
        type: 3}
      propertyPath: m_LocalRotation.z
      value: 0
      objectReference: {fileID: 0}
    - target: {fileID: 6656036114075860064, guid: 183b9bf8ffe354cf08b70abec40f08bf,
        type: 3}
      propertyPath: m_LocalRotation.w
      value: 1
      objectReference: {fileID: 0}
    - target: {fileID: 6656036114075860064, guid: 183b9bf8ffe354cf08b70abec40f08bf,
        type: 3}
      propertyPath: m_RootOrder
      value: 4
      objectReference: {fileID: 0}
    - target: {fileID: 6656036114075860064, guid: 183b9bf8ffe354cf08b70abec40f08bf,
        type: 3}
      propertyPath: m_LocalEulerAnglesHint.x
      value: 0
      objectReference: {fileID: 0}
    - target: {fileID: 6656036114075860064, guid: 183b9bf8ffe354cf08b70abec40f08bf,
        type: 3}
      propertyPath: m_LocalEulerAnglesHint.y
      value: 0
      objectReference: {fileID: 0}
    - target: {fileID: 6656036114075860064, guid: 183b9bf8ffe354cf08b70abec40f08bf,
        type: 3}
      propertyPath: m_LocalEulerAnglesHint.z
      value: 0
      objectReference: {fileID: 0}
    - target: {fileID: 7745017233846084059, guid: 183b9bf8ffe354cf08b70abec40f08bf,
        type: 3}
      propertyPath: m_Name
      value: BluckCluster6 (1)
      objectReference: {fileID: 0}
    m_RemovedComponents: []
  m_SourcePrefab: {fileID: 100100000, guid: 183b9bf8ffe354cf08b70abec40f08bf, type: 3}
--- !u!4 &7439721689683483395 stripped
Transform:
  m_CorrespondingSourceObject: {fileID: 6656036114075860064, guid: 183b9bf8ffe354cf08b70abec40f08bf,
    type: 3}
  m_PrefabInstance: {fileID: 4278928586791184227}
  m_PrefabAsset: {fileID: 0}
--- !u!114 &1236088132082372851 stripped
MonoBehaviour:
  m_CorrespondingSourceObject: {fileID: 3046326133297215376, guid: 183b9bf8ffe354cf08b70abec40f08bf,
    type: 3}
  m_PrefabInstance: {fileID: 4278928586791184227}
  m_PrefabAsset: {fileID: 0}
  m_GameObject: {fileID: 0}
  m_Enabled: 1
  m_EditorHideFlags: 0
  m_Script: {fileID: 11500000, guid: 01a5ed615b99647c698e34e7d34376ea, type: 3}
  m_Name: 
  m_EditorClassIdentifier: 
--- !u!1001 &4278928586807540292
PrefabInstance:
  m_ObjectHideFlags: 0
  serializedVersion: 2
  m_Modification:
    m_TransformParent: {fileID: 4278928587245727745}
    m_Modifications:
    - target: {fileID: 803752121590307030, guid: be956706b74d841bd97e1a0a2402308a,
        type: 3}
      propertyPath: m_LocalPosition.x
      value: 0
      objectReference: {fileID: 0}
    - target: {fileID: 803752121590307030, guid: be956706b74d841bd97e1a0a2402308a,
        type: 3}
      propertyPath: m_LocalPosition.y
      value: 0
      objectReference: {fileID: 0}
    - target: {fileID: 803752121590307030, guid: be956706b74d841bd97e1a0a2402308a,
        type: 3}
      propertyPath: m_LocalPosition.z
      value: 20
      objectReference: {fileID: 0}
    - target: {fileID: 803752121590307030, guid: be956706b74d841bd97e1a0a2402308a,
        type: 3}
      propertyPath: m_LocalRotation.x
      value: -0
      objectReference: {fileID: 0}
    - target: {fileID: 803752121590307030, guid: be956706b74d841bd97e1a0a2402308a,
        type: 3}
      propertyPath: m_LocalRotation.y
      value: -0
      objectReference: {fileID: 0}
    - target: {fileID: 803752121590307030, guid: be956706b74d841bd97e1a0a2402308a,
        type: 3}
      propertyPath: m_LocalRotation.z
      value: -0
      objectReference: {fileID: 0}
    - target: {fileID: 803752121590307030, guid: be956706b74d841bd97e1a0a2402308a,
        type: 3}
      propertyPath: m_LocalRotation.w
      value: 1
      objectReference: {fileID: 0}
    - target: {fileID: 803752121590307030, guid: be956706b74d841bd97e1a0a2402308a,
        type: 3}
      propertyPath: m_RootOrder
      value: 2
      objectReference: {fileID: 0}
    - target: {fileID: 803752121590307030, guid: be956706b74d841bd97e1a0a2402308a,
        type: 3}
      propertyPath: m_LocalEulerAnglesHint.x
      value: 0
      objectReference: {fileID: 0}
    - target: {fileID: 803752121590307030, guid: be956706b74d841bd97e1a0a2402308a,
        type: 3}
      propertyPath: m_LocalEulerAnglesHint.y
      value: 0
      objectReference: {fileID: 0}
    - target: {fileID: 803752121590307030, guid: be956706b74d841bd97e1a0a2402308a,
        type: 3}
      propertyPath: m_LocalEulerAnglesHint.z
      value: 0
      objectReference: {fileID: 0}
    - target: {fileID: 7361392488182521716, guid: be956706b74d841bd97e1a0a2402308a,
        type: 3}
      propertyPath: m_Name
      value: BluckCluster5 (2)
      objectReference: {fileID: 0}
    m_RemovedComponents: []
  m_SourcePrefab: {fileID: 100100000, guid: be956706b74d841bd97e1a0a2402308a, type: 3}
--- !u!4 &3478554257684570770 stripped
Transform:
  m_CorrespondingSourceObject: {fileID: 803752121590307030, guid: be956706b74d841bd97e1a0a2402308a,
    type: 3}
  m_PrefabInstance: {fileID: 4278928586807540292}
  m_PrefabAsset: {fileID: 0}
--- !u!114 &6082304572753709895 stripped
MonoBehaviour:
  m_CorrespondingSourceObject: {fileID: 8001033044160246019, guid: be956706b74d841bd97e1a0a2402308a,
    type: 3}
  m_PrefabInstance: {fileID: 4278928586807540292}
  m_PrefabAsset: {fileID: 0}
  m_GameObject: {fileID: 0}
  m_Enabled: 1
  m_EditorHideFlags: 0
  m_Script: {fileID: 11500000, guid: 01a5ed615b99647c698e34e7d34376ea, type: 3}
  m_Name: 
  m_EditorClassIdentifier: 
--- !u!1001 &4278928587027669407
PrefabInstance:
  m_ObjectHideFlags: 0
  serializedVersion: 2
  m_Modification:
    m_TransformParent: {fileID: 4278928587245727745}
    m_Modifications:
    - target: {fileID: 6656036114075860064, guid: 183b9bf8ffe354cf08b70abec40f08bf,
        type: 3}
      propertyPath: m_LocalPosition.x
      value: -10
      objectReference: {fileID: 0}
    - target: {fileID: 6656036114075860064, guid: 183b9bf8ffe354cf08b70abec40f08bf,
        type: 3}
      propertyPath: m_LocalPosition.y
      value: 0
      objectReference: {fileID: 0}
    - target: {fileID: 6656036114075860064, guid: 183b9bf8ffe354cf08b70abec40f08bf,
        type: 3}
      propertyPath: m_LocalPosition.z
      value: 17.5
      objectReference: {fileID: 0}
    - target: {fileID: 6656036114075860064, guid: 183b9bf8ffe354cf08b70abec40f08bf,
        type: 3}
      propertyPath: m_LocalRotation.x
      value: 0
      objectReference: {fileID: 0}
    - target: {fileID: 6656036114075860064, guid: 183b9bf8ffe354cf08b70abec40f08bf,
        type: 3}
      propertyPath: m_LocalRotation.y
      value: 0
      objectReference: {fileID: 0}
    - target: {fileID: 6656036114075860064, guid: 183b9bf8ffe354cf08b70abec40f08bf,
        type: 3}
      propertyPath: m_LocalRotation.z
      value: 0
      objectReference: {fileID: 0}
    - target: {fileID: 6656036114075860064, guid: 183b9bf8ffe354cf08b70abec40f08bf,
        type: 3}
      propertyPath: m_LocalRotation.w
      value: 1
      objectReference: {fileID: 0}
    - target: {fileID: 6656036114075860064, guid: 183b9bf8ffe354cf08b70abec40f08bf,
        type: 3}
      propertyPath: m_RootOrder
      value: 9
      objectReference: {fileID: 0}
    - target: {fileID: 6656036114075860064, guid: 183b9bf8ffe354cf08b70abec40f08bf,
        type: 3}
      propertyPath: m_LocalEulerAnglesHint.x
      value: 0
      objectReference: {fileID: 0}
    - target: {fileID: 6656036114075860064, guid: 183b9bf8ffe354cf08b70abec40f08bf,
        type: 3}
      propertyPath: m_LocalEulerAnglesHint.y
      value: 0
      objectReference: {fileID: 0}
    - target: {fileID: 6656036114075860064, guid: 183b9bf8ffe354cf08b70abec40f08bf,
        type: 3}
      propertyPath: m_LocalEulerAnglesHint.z
      value: 0
      objectReference: {fileID: 0}
    - target: {fileID: 7745017233846084059, guid: 183b9bf8ffe354cf08b70abec40f08bf,
        type: 3}
      propertyPath: m_Name
      value: BluckCluster6 (6)
      objectReference: {fileID: 0}
    m_RemovedComponents: []
  m_SourcePrefab: {fileID: 100100000, guid: 183b9bf8ffe354cf08b70abec40f08bf, type: 3}
--- !u!4 &7439721689436773887 stripped
Transform:
  m_CorrespondingSourceObject: {fileID: 6656036114075860064, guid: 183b9bf8ffe354cf08b70abec40f08bf,
    type: 3}
  m_PrefabInstance: {fileID: 4278928587027669407}
  m_PrefabAsset: {fileID: 0}
--- !u!114 &1236088132288845327 stripped
MonoBehaviour:
  m_CorrespondingSourceObject: {fileID: 3046326133297215376, guid: 183b9bf8ffe354cf08b70abec40f08bf,
    type: 3}
  m_PrefabInstance: {fileID: 4278928587027669407}
  m_PrefabAsset: {fileID: 0}
  m_GameObject: {fileID: 0}
  m_Enabled: 1
  m_EditorHideFlags: 0
  m_Script: {fileID: 11500000, guid: 01a5ed615b99647c698e34e7d34376ea, type: 3}
  m_Name: 
  m_EditorClassIdentifier: 
--- !u!1001 &4278928587082828360
PrefabInstance:
  m_ObjectHideFlags: 0
  serializedVersion: 2
  m_Modification:
    m_TransformParent: {fileID: 4278928587245727745}
    m_Modifications:
    - target: {fileID: 6656036114075860064, guid: 183b9bf8ffe354cf08b70abec40f08bf,
        type: 3}
      propertyPath: m_LocalPosition.x
      value: -10
      objectReference: {fileID: 0}
    - target: {fileID: 6656036114075860064, guid: 183b9bf8ffe354cf08b70abec40f08bf,
        type: 3}
      propertyPath: m_LocalPosition.y
      value: 0
      objectReference: {fileID: 0}
    - target: {fileID: 6656036114075860064, guid: 183b9bf8ffe354cf08b70abec40f08bf,
        type: 3}
      propertyPath: m_LocalPosition.z
      value: 22.5
      objectReference: {fileID: 0}
    - target: {fileID: 6656036114075860064, guid: 183b9bf8ffe354cf08b70abec40f08bf,
        type: 3}
      propertyPath: m_LocalRotation.x
      value: 0
      objectReference: {fileID: 0}
    - target: {fileID: 6656036114075860064, guid: 183b9bf8ffe354cf08b70abec40f08bf,
        type: 3}
      propertyPath: m_LocalRotation.y
      value: 0
      objectReference: {fileID: 0}
    - target: {fileID: 6656036114075860064, guid: 183b9bf8ffe354cf08b70abec40f08bf,
        type: 3}
      propertyPath: m_LocalRotation.z
      value: 0
      objectReference: {fileID: 0}
    - target: {fileID: 6656036114075860064, guid: 183b9bf8ffe354cf08b70abec40f08bf,
        type: 3}
      propertyPath: m_LocalRotation.w
      value: 1
      objectReference: {fileID: 0}
    - target: {fileID: 6656036114075860064, guid: 183b9bf8ffe354cf08b70abec40f08bf,
        type: 3}
      propertyPath: m_RootOrder
      value: 10
      objectReference: {fileID: 0}
    - target: {fileID: 6656036114075860064, guid: 183b9bf8ffe354cf08b70abec40f08bf,
        type: 3}
      propertyPath: m_LocalEulerAnglesHint.x
      value: 0
      objectReference: {fileID: 0}
    - target: {fileID: 6656036114075860064, guid: 183b9bf8ffe354cf08b70abec40f08bf,
        type: 3}
      propertyPath: m_LocalEulerAnglesHint.y
      value: 0
      objectReference: {fileID: 0}
    - target: {fileID: 6656036114075860064, guid: 183b9bf8ffe354cf08b70abec40f08bf,
        type: 3}
      propertyPath: m_LocalEulerAnglesHint.z
      value: 0
      objectReference: {fileID: 0}
    - target: {fileID: 7745017233846084059, guid: 183b9bf8ffe354cf08b70abec40f08bf,
        type: 3}
      propertyPath: m_Name
      value: BluckCluster6 (7)
      objectReference: {fileID: 0}
    m_RemovedComponents: []
  m_SourcePrefab: {fileID: 100100000, guid: 183b9bf8ffe354cf08b70abec40f08bf, type: 3}
--- !u!4 &7439721689392330280 stripped
Transform:
  m_CorrespondingSourceObject: {fileID: 6656036114075860064, guid: 183b9bf8ffe354cf08b70abec40f08bf,
    type: 3}
  m_PrefabInstance: {fileID: 4278928587082828360}
  m_PrefabAsset: {fileID: 0}
--- !u!114 &1236088132244176344 stripped
MonoBehaviour:
  m_CorrespondingSourceObject: {fileID: 3046326133297215376, guid: 183b9bf8ffe354cf08b70abec40f08bf,
    type: 3}
  m_PrefabInstance: {fileID: 4278928587082828360}
  m_PrefabAsset: {fileID: 0}
  m_GameObject: {fileID: 0}
  m_Enabled: 1
  m_EditorHideFlags: 0
  m_Script: {fileID: 11500000, guid: 01a5ed615b99647c698e34e7d34376ea, type: 3}
  m_Name: 
  m_EditorClassIdentifier: 
--- !u!1001 &4278928587509817583
PrefabInstance:
  m_ObjectHideFlags: 0
  serializedVersion: 2
  m_Modification:
    m_TransformParent: {fileID: 4278928587245727745}
    m_Modifications:
    - target: {fileID: 6656036114075860064, guid: 183b9bf8ffe354cf08b70abec40f08bf,
        type: 3}
      propertyPath: m_LocalPosition.x
      value: -10
      objectReference: {fileID: 0}
    - target: {fileID: 6656036114075860064, guid: 183b9bf8ffe354cf08b70abec40f08bf,
        type: 3}
      propertyPath: m_LocalPosition.y
      value: 0
      objectReference: {fileID: 0}
    - target: {fileID: 6656036114075860064, guid: 183b9bf8ffe354cf08b70abec40f08bf,
        type: 3}
      propertyPath: m_LocalPosition.z
      value: -2.5
      objectReference: {fileID: 0}
    - target: {fileID: 6656036114075860064, guid: 183b9bf8ffe354cf08b70abec40f08bf,
        type: 3}
      propertyPath: m_LocalRotation.x
      value: 0
      objectReference: {fileID: 0}
    - target: {fileID: 6656036114075860064, guid: 183b9bf8ffe354cf08b70abec40f08bf,
        type: 3}
      propertyPath: m_LocalRotation.y
      value: 0
      objectReference: {fileID: 0}
    - target: {fileID: 6656036114075860064, guid: 183b9bf8ffe354cf08b70abec40f08bf,
        type: 3}
      propertyPath: m_LocalRotation.z
      value: 0
      objectReference: {fileID: 0}
    - target: {fileID: 6656036114075860064, guid: 183b9bf8ffe354cf08b70abec40f08bf,
        type: 3}
      propertyPath: m_LocalRotation.w
      value: 1
      objectReference: {fileID: 0}
    - target: {fileID: 6656036114075860064, guid: 183b9bf8ffe354cf08b70abec40f08bf,
        type: 3}
      propertyPath: m_RootOrder
      value: 7
      objectReference: {fileID: 0}
    - target: {fileID: 6656036114075860064, guid: 183b9bf8ffe354cf08b70abec40f08bf,
        type: 3}
      propertyPath: m_LocalEulerAnglesHint.x
      value: 0
      objectReference: {fileID: 0}
    - target: {fileID: 6656036114075860064, guid: 183b9bf8ffe354cf08b70abec40f08bf,
        type: 3}
      propertyPath: m_LocalEulerAnglesHint.y
      value: 0
      objectReference: {fileID: 0}
    - target: {fileID: 6656036114075860064, guid: 183b9bf8ffe354cf08b70abec40f08bf,
        type: 3}
      propertyPath: m_LocalEulerAnglesHint.z
      value: 0
      objectReference: {fileID: 0}
    - target: {fileID: 7745017233846084059, guid: 183b9bf8ffe354cf08b70abec40f08bf,
        type: 3}
      propertyPath: m_Name
      value: BluckCluster6 (4)
      objectReference: {fileID: 0}
    m_RemovedComponents: []
  m_SourcePrefab: {fileID: 100100000, guid: 183b9bf8ffe354cf08b70abec40f08bf, type: 3}
--- !u!4 &7439721690036231311 stripped
Transform:
  m_CorrespondingSourceObject: {fileID: 6656036114075860064, guid: 183b9bf8ffe354cf08b70abec40f08bf,
    type: 3}
  m_PrefabInstance: {fileID: 4278928587509817583}
  m_PrefabAsset: {fileID: 0}
--- !u!114 &1236088131562903423 stripped
MonoBehaviour:
  m_CorrespondingSourceObject: {fileID: 3046326133297215376, guid: 183b9bf8ffe354cf08b70abec40f08bf,
    type: 3}
  m_PrefabInstance: {fileID: 4278928587509817583}
  m_PrefabAsset: {fileID: 0}
  m_GameObject: {fileID: 0}
  m_Enabled: 1
  m_EditorHideFlags: 0
  m_Script: {fileID: 11500000, guid: 01a5ed615b99647c698e34e7d34376ea, type: 3}
  m_Name: 
  m_EditorClassIdentifier: 
--- !u!1001 &4278928587752823815
PrefabInstance:
  m_ObjectHideFlags: 0
  serializedVersion: 2
  m_Modification:
    m_TransformParent: {fileID: 4278928587245727745}
    m_Modifications:
    - target: {fileID: 803752121590307030, guid: be956706b74d841bd97e1a0a2402308a,
        type: 3}
      propertyPath: m_LocalPosition.x
      value: 0
      objectReference: {fileID: 0}
    - target: {fileID: 803752121590307030, guid: be956706b74d841bd97e1a0a2402308a,
        type: 3}
      propertyPath: m_LocalPosition.y
      value: 0
      objectReference: {fileID: 0}
    - target: {fileID: 803752121590307030, guid: be956706b74d841bd97e1a0a2402308a,
        type: 3}
      propertyPath: m_LocalPosition.z
      value: 10
      objectReference: {fileID: 0}
    - target: {fileID: 803752121590307030, guid: be956706b74d841bd97e1a0a2402308a,
        type: 3}
      propertyPath: m_LocalRotation.x
      value: -0
      objectReference: {fileID: 0}
    - target: {fileID: 803752121590307030, guid: be956706b74d841bd97e1a0a2402308a,
        type: 3}
      propertyPath: m_LocalRotation.y
      value: -0
      objectReference: {fileID: 0}
    - target: {fileID: 803752121590307030, guid: be956706b74d841bd97e1a0a2402308a,
        type: 3}
      propertyPath: m_LocalRotation.z
      value: -0
      objectReference: {fileID: 0}
    - target: {fileID: 803752121590307030, guid: be956706b74d841bd97e1a0a2402308a,
        type: 3}
      propertyPath: m_LocalRotation.w
      value: 1
      objectReference: {fileID: 0}
    - target: {fileID: 803752121590307030, guid: be956706b74d841bd97e1a0a2402308a,
        type: 3}
      propertyPath: m_RootOrder
      value: 1
      objectReference: {fileID: 0}
    - target: {fileID: 803752121590307030, guid: be956706b74d841bd97e1a0a2402308a,
        type: 3}
      propertyPath: m_LocalEulerAnglesHint.x
      value: 0
      objectReference: {fileID: 0}
    - target: {fileID: 803752121590307030, guid: be956706b74d841bd97e1a0a2402308a,
        type: 3}
      propertyPath: m_LocalEulerAnglesHint.y
      value: 0
      objectReference: {fileID: 0}
    - target: {fileID: 803752121590307030, guid: be956706b74d841bd97e1a0a2402308a,
        type: 3}
      propertyPath: m_LocalEulerAnglesHint.z
      value: 0
      objectReference: {fileID: 0}
    - target: {fileID: 7361392488182521716, guid: be956706b74d841bd97e1a0a2402308a,
        type: 3}
      propertyPath: m_Name
      value: BluckCluster5 (1)
      objectReference: {fileID: 0}
    m_RemovedComponents: []
  m_SourcePrefab: {fileID: 100100000, guid: be956706b74d841bd97e1a0a2402308a, type: 3}
--- !u!114 &6082304573195693316 stripped
MonoBehaviour:
  m_CorrespondingSourceObject: {fileID: 8001033044160246019, guid: be956706b74d841bd97e1a0a2402308a,
    type: 3}
  m_PrefabInstance: {fileID: 4278928587752823815}
  m_PrefabAsset: {fileID: 0}
  m_GameObject: {fileID: 0}
  m_Enabled: 1
  m_EditorHideFlags: 0
  m_Script: {fileID: 11500000, guid: 01a5ed615b99647c698e34e7d34376ea, type: 3}
  m_Name: 
  m_EditorClassIdentifier: 
--- !u!4 &3478554258312135889 stripped
Transform:
  m_CorrespondingSourceObject: {fileID: 803752121590307030, guid: be956706b74d841bd97e1a0a2402308a,
    type: 3}
  m_PrefabInstance: {fileID: 4278928587752823815}
  m_PrefabAsset: {fileID: 0}
--- !u!1001 &4278928587967316651
PrefabInstance:
  m_ObjectHideFlags: 0
  serializedVersion: 2
  m_Modification:
    m_TransformParent: {fileID: 4278928587245727745}
    m_Modifications:
    - target: {fileID: 6656036114075860064, guid: 183b9bf8ffe354cf08b70abec40f08bf,
        type: 3}
      propertyPath: m_LocalPosition.x
      value: -10
      objectReference: {fileID: 0}
    - target: {fileID: 6656036114075860064, guid: 183b9bf8ffe354cf08b70abec40f08bf,
        type: 3}
      propertyPath: m_LocalPosition.y
      value: 0
      objectReference: {fileID: 0}
    - target: {fileID: 6656036114075860064, guid: 183b9bf8ffe354cf08b70abec40f08bf,
        type: 3}
      propertyPath: m_LocalPosition.z
      value: 2.5
      objectReference: {fileID: 0}
    - target: {fileID: 6656036114075860064, guid: 183b9bf8ffe354cf08b70abec40f08bf,
        type: 3}
      propertyPath: m_LocalRotation.x
      value: 0
      objectReference: {fileID: 0}
    - target: {fileID: 6656036114075860064, guid: 183b9bf8ffe354cf08b70abec40f08bf,
        type: 3}
      propertyPath: m_LocalRotation.y
      value: 0
      objectReference: {fileID: 0}
    - target: {fileID: 6656036114075860064, guid: 183b9bf8ffe354cf08b70abec40f08bf,
        type: 3}
      propertyPath: m_LocalRotation.z
      value: 0
      objectReference: {fileID: 0}
    - target: {fileID: 6656036114075860064, guid: 183b9bf8ffe354cf08b70abec40f08bf,
        type: 3}
      propertyPath: m_LocalRotation.w
      value: 1
      objectReference: {fileID: 0}
    - target: {fileID: 6656036114075860064, guid: 183b9bf8ffe354cf08b70abec40f08bf,
        type: 3}
      propertyPath: m_RootOrder
      value: 8
      objectReference: {fileID: 0}
    - target: {fileID: 6656036114075860064, guid: 183b9bf8ffe354cf08b70abec40f08bf,
        type: 3}
      propertyPath: m_LocalEulerAnglesHint.x
      value: 0
      objectReference: {fileID: 0}
    - target: {fileID: 6656036114075860064, guid: 183b9bf8ffe354cf08b70abec40f08bf,
        type: 3}
      propertyPath: m_LocalEulerAnglesHint.y
      value: 0
      objectReference: {fileID: 0}
    - target: {fileID: 6656036114075860064, guid: 183b9bf8ffe354cf08b70abec40f08bf,
        type: 3}
      propertyPath: m_LocalEulerAnglesHint.z
      value: 0
      objectReference: {fileID: 0}
    - target: {fileID: 7745017233846084059, guid: 183b9bf8ffe354cf08b70abec40f08bf,
        type: 3}
      propertyPath: m_Name
      value: BluckCluster6 (5)
      objectReference: {fileID: 0}
    m_RemovedComponents: []
  m_SourcePrefab: {fileID: 100100000, guid: 183b9bf8ffe354cf08b70abec40f08bf, type: 3}
--- !u!4 &7439721690644872907 stripped
Transform:
  m_CorrespondingSourceObject: {fileID: 6656036114075860064, guid: 183b9bf8ffe354cf08b70abec40f08bf,
    type: 3}
  m_PrefabInstance: {fileID: 4278928587967316651}
  m_PrefabAsset: {fileID: 0}
--- !u!114 &1236088131080762683 stripped
MonoBehaviour:
  m_CorrespondingSourceObject: {fileID: 3046326133297215376, guid: 183b9bf8ffe354cf08b70abec40f08bf,
    type: 3}
  m_PrefabInstance: {fileID: 4278928587967316651}
  m_PrefabAsset: {fileID: 0}
  m_GameObject: {fileID: 0}
  m_Enabled: 1
  m_EditorHideFlags: 0
  m_Script: {fileID: 11500000, guid: 01a5ed615b99647c698e34e7d34376ea, type: 3}
  m_Name: 
  m_EditorClassIdentifier: 
--- !u!1001 &4278928588263790383
PrefabInstance:
  m_ObjectHideFlags: 0
  serializedVersion: 2
  m_Modification:
    m_TransformParent: {fileID: 4278928587245727745}
    m_Modifications:
    - target: {fileID: 6656036114075860064, guid: 183b9bf8ffe354cf08b70abec40f08bf,
        type: 3}
      propertyPath: m_LocalPosition.x
      value: 10
      objectReference: {fileID: 0}
    - target: {fileID: 6656036114075860064, guid: 183b9bf8ffe354cf08b70abec40f08bf,
        type: 3}
      propertyPath: m_LocalPosition.y
      value: 0
      objectReference: {fileID: 0}
    - target: {fileID: 6656036114075860064, guid: 183b9bf8ffe354cf08b70abec40f08bf,
        type: 3}
      propertyPath: m_LocalPosition.z
      value: 20
      objectReference: {fileID: 0}
    - target: {fileID: 6656036114075860064, guid: 183b9bf8ffe354cf08b70abec40f08bf,
        type: 3}
      propertyPath: m_LocalRotation.x
      value: 0
      objectReference: {fileID: 0}
    - target: {fileID: 6656036114075860064, guid: 183b9bf8ffe354cf08b70abec40f08bf,
        type: 3}
      propertyPath: m_LocalRotation.y
      value: 0
      objectReference: {fileID: 0}
    - target: {fileID: 6656036114075860064, guid: 183b9bf8ffe354cf08b70abec40f08bf,
        type: 3}
      propertyPath: m_LocalRotation.z
      value: 0
      objectReference: {fileID: 0}
    - target: {fileID: 6656036114075860064, guid: 183b9bf8ffe354cf08b70abec40f08bf,
        type: 3}
      propertyPath: m_LocalRotation.w
      value: 1
      objectReference: {fileID: 0}
    - target: {fileID: 6656036114075860064, guid: 183b9bf8ffe354cf08b70abec40f08bf,
        type: 3}
      propertyPath: m_RootOrder
      value: 14
      objectReference: {fileID: 0}
    - target: {fileID: 6656036114075860064, guid: 183b9bf8ffe354cf08b70abec40f08bf,
        type: 3}
      propertyPath: m_LocalEulerAnglesHint.x
      value: 0
      objectReference: {fileID: 0}
    - target: {fileID: 6656036114075860064, guid: 183b9bf8ffe354cf08b70abec40f08bf,
        type: 3}
      propertyPath: m_LocalEulerAnglesHint.y
      value: 0
      objectReference: {fileID: 0}
    - target: {fileID: 6656036114075860064, guid: 183b9bf8ffe354cf08b70abec40f08bf,
        type: 3}
      propertyPath: m_LocalEulerAnglesHint.z
      value: 0
      objectReference: {fileID: 0}
    - target: {fileID: 7745017233846084059, guid: 183b9bf8ffe354cf08b70abec40f08bf,
        type: 3}
      propertyPath: m_Name
      value: BluckCluster6 (12)
      objectReference: {fileID: 0}
    m_RemovedComponents: []
  m_SourcePrefab: {fileID: 100100000, guid: 183b9bf8ffe354cf08b70abec40f08bf, type: 3}
--- !u!4 &7439721690349939535 stripped
Transform:
  m_CorrespondingSourceObject: {fileID: 6656036114075860064, guid: 183b9bf8ffe354cf08b70abec40f08bf,
    type: 3}
  m_PrefabInstance: {fileID: 4278928588263790383}
  m_PrefabAsset: {fileID: 0}
--- !u!114 &1236088131406618815 stripped
MonoBehaviour:
  m_CorrespondingSourceObject: {fileID: 3046326133297215376, guid: 183b9bf8ffe354cf08b70abec40f08bf,
    type: 3}
  m_PrefabInstance: {fileID: 4278928588263790383}
  m_PrefabAsset: {fileID: 0}
  m_GameObject: {fileID: 0}
  m_Enabled: 1
  m_EditorHideFlags: 0
  m_Script: {fileID: 11500000, guid: 01a5ed615b99647c698e34e7d34376ea, type: 3}
  m_Name: 
  m_EditorClassIdentifier: 
--- !u!1001 &4278928588290790214
PrefabInstance:
  m_ObjectHideFlags: 0
  serializedVersion: 2
  m_Modification:
    m_TransformParent: {fileID: 4278928587245727745}
    m_Modifications:
    - target: {fileID: 803752121590307030, guid: be956706b74d841bd97e1a0a2402308a,
        type: 3}
      propertyPath: m_LocalPosition.x
      value: 0
      objectReference: {fileID: 0}
    - target: {fileID: 803752121590307030, guid: be956706b74d841bd97e1a0a2402308a,
        type: 3}
      propertyPath: m_LocalPosition.y
      value: 0
      objectReference: {fileID: 0}
    - target: {fileID: 803752121590307030, guid: be956706b74d841bd97e1a0a2402308a,
        type: 3}
      propertyPath: m_LocalPosition.z
      value: 0
      objectReference: {fileID: 0}
    - target: {fileID: 803752121590307030, guid: be956706b74d841bd97e1a0a2402308a,
        type: 3}
      propertyPath: m_LocalRotation.x
      value: -0
      objectReference: {fileID: 0}
    - target: {fileID: 803752121590307030, guid: be956706b74d841bd97e1a0a2402308a,
        type: 3}
      propertyPath: m_LocalRotation.y
      value: -0
      objectReference: {fileID: 0}
    - target: {fileID: 803752121590307030, guid: be956706b74d841bd97e1a0a2402308a,
        type: 3}
      propertyPath: m_LocalRotation.z
      value: -0
      objectReference: {fileID: 0}
    - target: {fileID: 803752121590307030, guid: be956706b74d841bd97e1a0a2402308a,
        type: 3}
      propertyPath: m_LocalRotation.w
      value: 1
      objectReference: {fileID: 0}
    - target: {fileID: 803752121590307030, guid: be956706b74d841bd97e1a0a2402308a,
        type: 3}
      propertyPath: m_RootOrder
      value: 0
      objectReference: {fileID: 0}
    - target: {fileID: 803752121590307030, guid: be956706b74d841bd97e1a0a2402308a,
        type: 3}
      propertyPath: m_LocalEulerAnglesHint.x
      value: 0
      objectReference: {fileID: 0}
    - target: {fileID: 803752121590307030, guid: be956706b74d841bd97e1a0a2402308a,
        type: 3}
      propertyPath: m_LocalEulerAnglesHint.y
      value: 0
      objectReference: {fileID: 0}
    - target: {fileID: 803752121590307030, guid: be956706b74d841bd97e1a0a2402308a,
        type: 3}
      propertyPath: m_LocalEulerAnglesHint.z
      value: 0
      objectReference: {fileID: 0}
    - target: {fileID: 7361392488182521716, guid: be956706b74d841bd97e1a0a2402308a,
        type: 3}
      propertyPath: m_Name
      value: BluckCluster5
      objectReference: {fileID: 0}
    m_RemovedComponents: []
  m_SourcePrefab: {fileID: 100100000, guid: be956706b74d841bd97e1a0a2402308a, type: 3}
--- !u!114 &6082304573731725893 stripped
MonoBehaviour:
  m_CorrespondingSourceObject: {fileID: 8001033044160246019, guid: be956706b74d841bd97e1a0a2402308a,
    type: 3}
  m_PrefabInstance: {fileID: 4278928588290790214}
  m_PrefabAsset: {fileID: 0}
  m_GameObject: {fileID: 0}
  m_Enabled: 1
  m_EditorHideFlags: 0
  m_Script: {fileID: 11500000, guid: 01a5ed615b99647c698e34e7d34376ea, type: 3}
  m_Name: 
  m_EditorClassIdentifier: 
--- !u!4 &3478554256700427152 stripped
Transform:
  m_CorrespondingSourceObject: {fileID: 803752121590307030, guid: be956706b74d841bd97e1a0a2402308a,
    type: 3}
  m_PrefabInstance: {fileID: 4278928588290790214}
  m_PrefabAsset: {fileID: 0}
--- !u!1001 &4278928588344027744
PrefabInstance:
  m_ObjectHideFlags: 0
  serializedVersion: 2
  m_Modification:
    m_TransformParent: {fileID: 4278928587245727745}
    m_Modifications:
    - target: {fileID: 6656036114075860064, guid: 183b9bf8ffe354cf08b70abec40f08bf,
        type: 3}
      propertyPath: m_LocalPosition.x
      value: -10
      objectReference: {fileID: 0}
    - target: {fileID: 6656036114075860064, guid: 183b9bf8ffe354cf08b70abec40f08bf,
        type: 3}
      propertyPath: m_LocalPosition.y
      value: 0
      objectReference: {fileID: 0}
    - target: {fileID: 6656036114075860064, guid: 183b9bf8ffe354cf08b70abec40f08bf,
        type: 3}
      propertyPath: m_LocalPosition.z
      value: 0
      objectReference: {fileID: 0}
    - target: {fileID: 6656036114075860064, guid: 183b9bf8ffe354cf08b70abec40f08bf,
        type: 3}
      propertyPath: m_LocalRotation.x
      value: 0
      objectReference: {fileID: 0}
    - target: {fileID: 6656036114075860064, guid: 183b9bf8ffe354cf08b70abec40f08bf,
        type: 3}
      propertyPath: m_LocalRotation.y
      value: 0
      objectReference: {fileID: 0}
    - target: {fileID: 6656036114075860064, guid: 183b9bf8ffe354cf08b70abec40f08bf,
        type: 3}
      propertyPath: m_LocalRotation.z
      value: 0
      objectReference: {fileID: 0}
    - target: {fileID: 6656036114075860064, guid: 183b9bf8ffe354cf08b70abec40f08bf,
        type: 3}
      propertyPath: m_LocalRotation.w
      value: 1
      objectReference: {fileID: 0}
    - target: {fileID: 6656036114075860064, guid: 183b9bf8ffe354cf08b70abec40f08bf,
        type: 3}
      propertyPath: m_RootOrder
      value: 6
      objectReference: {fileID: 0}
    - target: {fileID: 6656036114075860064, guid: 183b9bf8ffe354cf08b70abec40f08bf,
        type: 3}
      propertyPath: m_LocalEulerAnglesHint.x
      value: 0
      objectReference: {fileID: 0}
    - target: {fileID: 6656036114075860064, guid: 183b9bf8ffe354cf08b70abec40f08bf,
        type: 3}
      propertyPath: m_LocalEulerAnglesHint.y
      value: 0
      objectReference: {fileID: 0}
    - target: {fileID: 6656036114075860064, guid: 183b9bf8ffe354cf08b70abec40f08bf,
        type: 3}
      propertyPath: m_LocalEulerAnglesHint.z
      value: 0
      objectReference: {fileID: 0}
    - target: {fileID: 7745017233846084059, guid: 183b9bf8ffe354cf08b70abec40f08bf,
        type: 3}
      propertyPath: m_Name
      value: BluckCluster6 (3)
      objectReference: {fileID: 0}
    m_RemovedComponents: []
  m_SourcePrefab: {fileID: 100100000, guid: 183b9bf8ffe354cf08b70abec40f08bf, type: 3}
--- !u!4 &7439721690267637248 stripped
Transform:
  m_CorrespondingSourceObject: {fileID: 6656036114075860064, guid: 183b9bf8ffe354cf08b70abec40f08bf,
    type: 3}
  m_PrefabInstance: {fileID: 4278928588344027744}
  m_PrefabAsset: {fileID: 0}
--- !u!114 &1236088131324288496 stripped
MonoBehaviour:
  m_CorrespondingSourceObject: {fileID: 3046326133297215376, guid: 183b9bf8ffe354cf08b70abec40f08bf,
    type: 3}
  m_PrefabInstance: {fileID: 4278928588344027744}
  m_PrefabAsset: {fileID: 0}
  m_GameObject: {fileID: 0}
  m_Enabled: 1
  m_EditorHideFlags: 0
  m_Script: {fileID: 11500000, guid: 01a5ed615b99647c698e34e7d34376ea, type: 3}
  m_Name: 
  m_EditorClassIdentifier: 
--- !u!1001 &4278928588408623064
PrefabInstance:
  m_ObjectHideFlags: 0
  serializedVersion: 2
  m_Modification:
    m_TransformParent: {fileID: 4278928587245727745}
    m_Modifications:
    - target: {fileID: 6656036114075860064, guid: 183b9bf8ffe354cf08b70abec40f08bf,
        type: 3}
      propertyPath: m_LocalPosition.x
      value: 10
      objectReference: {fileID: 0}
    - target: {fileID: 6656036114075860064, guid: 183b9bf8ffe354cf08b70abec40f08bf,
        type: 3}
      propertyPath: m_LocalPosition.y
      value: 0
      objectReference: {fileID: 0}
    - target: {fileID: 6656036114075860064, guid: 183b9bf8ffe354cf08b70abec40f08bf,
        type: 3}
      propertyPath: m_LocalPosition.z
      value: 22.5
      objectReference: {fileID: 0}
    - target: {fileID: 6656036114075860064, guid: 183b9bf8ffe354cf08b70abec40f08bf,
        type: 3}
      propertyPath: m_LocalRotation.x
      value: 0
      objectReference: {fileID: 0}
    - target: {fileID: 6656036114075860064, guid: 183b9bf8ffe354cf08b70abec40f08bf,
        type: 3}
      propertyPath: m_LocalRotation.y
      value: 0
      objectReference: {fileID: 0}
    - target: {fileID: 6656036114075860064, guid: 183b9bf8ffe354cf08b70abec40f08bf,
        type: 3}
      propertyPath: m_LocalRotation.z
      value: 0
      objectReference: {fileID: 0}
    - target: {fileID: 6656036114075860064, guid: 183b9bf8ffe354cf08b70abec40f08bf,
        type: 3}
      propertyPath: m_LocalRotation.w
      value: 1
      objectReference: {fileID: 0}
    - target: {fileID: 6656036114075860064, guid: 183b9bf8ffe354cf08b70abec40f08bf,
        type: 3}
      propertyPath: m_RootOrder
      value: 12
      objectReference: {fileID: 0}
    - target: {fileID: 6656036114075860064, guid: 183b9bf8ffe354cf08b70abec40f08bf,
        type: 3}
      propertyPath: m_LocalEulerAnglesHint.x
      value: 0
      objectReference: {fileID: 0}
    - target: {fileID: 6656036114075860064, guid: 183b9bf8ffe354cf08b70abec40f08bf,
        type: 3}
      propertyPath: m_LocalEulerAnglesHint.y
      value: 0
      objectReference: {fileID: 0}
    - target: {fileID: 6656036114075860064, guid: 183b9bf8ffe354cf08b70abec40f08bf,
        type: 3}
      propertyPath: m_LocalEulerAnglesHint.z
      value: 0
      objectReference: {fileID: 0}
    - target: {fileID: 7745017233846084059, guid: 183b9bf8ffe354cf08b70abec40f08bf,
        type: 3}
      propertyPath: m_Name
      value: BluckCluster6 (10)
      objectReference: {fileID: 0}
    m_RemovedComponents: []
  m_SourcePrefab: {fileID: 100100000, guid: 183b9bf8ffe354cf08b70abec40f08bf, type: 3}
--- !u!114 &1236088130448619592 stripped
MonoBehaviour:
  m_CorrespondingSourceObject: {fileID: 3046326133297215376, guid: 183b9bf8ffe354cf08b70abec40f08bf,
    type: 3}
  m_PrefabInstance: {fileID: 4278928588408623064}
  m_PrefabAsset: {fileID: 0}
  m_GameObject: {fileID: 0}
  m_Enabled: 1
  m_EditorHideFlags: 0
  m_Script: {fileID: 11500000, guid: 01a5ed615b99647c698e34e7d34376ea, type: 3}
  m_Name: 
  m_EditorClassIdentifier: 
--- !u!4 &7439721691287499704 stripped
Transform:
  m_CorrespondingSourceObject: {fileID: 6656036114075860064, guid: 183b9bf8ffe354cf08b70abec40f08bf,
    type: 3}
  m_PrefabInstance: {fileID: 4278928588408623064}
  m_PrefabAsset: {fileID: 0}
--- !u!1001 &4278928588575689466
PrefabInstance:
  m_ObjectHideFlags: 0
  serializedVersion: 2
  m_Modification:
    m_TransformParent: {fileID: 4278928587245727745}
    m_Modifications:
    - target: {fileID: 6656036114075860064, guid: 183b9bf8ffe354cf08b70abec40f08bf,
        type: 3}
      propertyPath: m_LocalPosition.x
      value: 10
      objectReference: {fileID: 0}
    - target: {fileID: 6656036114075860064, guid: 183b9bf8ffe354cf08b70abec40f08bf,
        type: 3}
      propertyPath: m_LocalPosition.y
      value: 0
      objectReference: {fileID: 0}
    - target: {fileID: 6656036114075860064, guid: 183b9bf8ffe354cf08b70abec40f08bf,
        type: 3}
      propertyPath: m_LocalPosition.z
      value: 2.5
      objectReference: {fileID: 0}
    - target: {fileID: 6656036114075860064, guid: 183b9bf8ffe354cf08b70abec40f08bf,
        type: 3}
      propertyPath: m_LocalRotation.x
      value: 0
      objectReference: {fileID: 0}
    - target: {fileID: 6656036114075860064, guid: 183b9bf8ffe354cf08b70abec40f08bf,
        type: 3}
      propertyPath: m_LocalRotation.y
      value: 0
      objectReference: {fileID: 0}
    - target: {fileID: 6656036114075860064, guid: 183b9bf8ffe354cf08b70abec40f08bf,
        type: 3}
      propertyPath: m_LocalRotation.z
      value: 0
      objectReference: {fileID: 0}
    - target: {fileID: 6656036114075860064, guid: 183b9bf8ffe354cf08b70abec40f08bf,
        type: 3}
      propertyPath: m_LocalRotation.w
      value: 1
      objectReference: {fileID: 0}
    - target: {fileID: 6656036114075860064, guid: 183b9bf8ffe354cf08b70abec40f08bf,
        type: 3}
      propertyPath: m_RootOrder
      value: 5
      objectReference: {fileID: 0}
    - target: {fileID: 6656036114075860064, guid: 183b9bf8ffe354cf08b70abec40f08bf,
        type: 3}
      propertyPath: m_LocalEulerAnglesHint.x
      value: 0
      objectReference: {fileID: 0}
    - target: {fileID: 6656036114075860064, guid: 183b9bf8ffe354cf08b70abec40f08bf,
        type: 3}
      propertyPath: m_LocalEulerAnglesHint.y
      value: 0
      objectReference: {fileID: 0}
    - target: {fileID: 6656036114075860064, guid: 183b9bf8ffe354cf08b70abec40f08bf,
        type: 3}
      propertyPath: m_LocalEulerAnglesHint.z
      value: 0
      objectReference: {fileID: 0}
    - target: {fileID: 7745017233846084059, guid: 183b9bf8ffe354cf08b70abec40f08bf,
        type: 3}
      propertyPath: m_Name
      value: BluckCluster6 (2)
      objectReference: {fileID: 0}
    m_RemovedComponents: []
  m_SourcePrefab: {fileID: 100100000, guid: 183b9bf8ffe354cf08b70abec40f08bf, type: 3}
--- !u!4 &7439721691119941274 stripped
Transform:
  m_CorrespondingSourceObject: {fileID: 6656036114075860064, guid: 183b9bf8ffe354cf08b70abec40f08bf,
    type: 3}
  m_PrefabInstance: {fileID: 4278928588575689466}
  m_PrefabAsset: {fileID: 0}
--- !u!114 &1236088130482355562 stripped
MonoBehaviour:
  m_CorrespondingSourceObject: {fileID: 3046326133297215376, guid: 183b9bf8ffe354cf08b70abec40f08bf,
    type: 3}
  m_PrefabInstance: {fileID: 4278928588575689466}
  m_PrefabAsset: {fileID: 0}
  m_GameObject: {fileID: 0}
  m_Enabled: 1
  m_EditorHideFlags: 0
  m_Script: {fileID: 11500000, guid: 01a5ed615b99647c698e34e7d34376ea, type: 3}
  m_Name: 
  m_EditorClassIdentifier: 
--- !u!1001 &4278928588672150465
PrefabInstance:
  m_ObjectHideFlags: 0
  serializedVersion: 2
  m_Modification:
    m_TransformParent: {fileID: 4278928587245727745}
    m_Modifications:
    - target: {fileID: 6656036114075860064, guid: 183b9bf8ffe354cf08b70abec40f08bf,
        type: 3}
      propertyPath: m_LocalPosition.x
      value: 10
      objectReference: {fileID: 0}
    - target: {fileID: 6656036114075860064, guid: 183b9bf8ffe354cf08b70abec40f08bf,
        type: 3}
      propertyPath: m_LocalPosition.y
      value: 0
      objectReference: {fileID: 0}
    - target: {fileID: 6656036114075860064, guid: 183b9bf8ffe354cf08b70abec40f08bf,
        type: 3}
      propertyPath: m_LocalPosition.z
      value: 17.5
      objectReference: {fileID: 0}
    - target: {fileID: 6656036114075860064, guid: 183b9bf8ffe354cf08b70abec40f08bf,
        type: 3}
      propertyPath: m_LocalRotation.x
      value: 0
      objectReference: {fileID: 0}
    - target: {fileID: 6656036114075860064, guid: 183b9bf8ffe354cf08b70abec40f08bf,
        type: 3}
      propertyPath: m_LocalRotation.y
      value: 0
      objectReference: {fileID: 0}
    - target: {fileID: 6656036114075860064, guid: 183b9bf8ffe354cf08b70abec40f08bf,
        type: 3}
      propertyPath: m_LocalRotation.z
      value: 0
      objectReference: {fileID: 0}
    - target: {fileID: 6656036114075860064, guid: 183b9bf8ffe354cf08b70abec40f08bf,
        type: 3}
      propertyPath: m_LocalRotation.w
      value: 1
      objectReference: {fileID: 0}
    - target: {fileID: 6656036114075860064, guid: 183b9bf8ffe354cf08b70abec40f08bf,
        type: 3}
      propertyPath: m_RootOrder
      value: 13
      objectReference: {fileID: 0}
    - target: {fileID: 6656036114075860064, guid: 183b9bf8ffe354cf08b70abec40f08bf,
        type: 3}
      propertyPath: m_LocalEulerAnglesHint.x
      value: 0
      objectReference: {fileID: 0}
    - target: {fileID: 6656036114075860064, guid: 183b9bf8ffe354cf08b70abec40f08bf,
        type: 3}
      propertyPath: m_LocalEulerAnglesHint.y
      value: 0
      objectReference: {fileID: 0}
    - target: {fileID: 6656036114075860064, guid: 183b9bf8ffe354cf08b70abec40f08bf,
        type: 3}
      propertyPath: m_LocalEulerAnglesHint.z
      value: 0
      objectReference: {fileID: 0}
    - target: {fileID: 7745017233846084059, guid: 183b9bf8ffe354cf08b70abec40f08bf,
        type: 3}
      propertyPath: m_Name
      value: BluckCluster6 (11)
      objectReference: {fileID: 0}
    m_RemovedComponents: []
  m_SourcePrefab: {fileID: 100100000, guid: 183b9bf8ffe354cf08b70abec40f08bf, type: 3}
--- !u!114 &1236088130713050193 stripped
MonoBehaviour:
  m_CorrespondingSourceObject: {fileID: 3046326133297215376, guid: 183b9bf8ffe354cf08b70abec40f08bf,
    type: 3}
  m_PrefabInstance: {fileID: 4278928588672150465}
  m_PrefabAsset: {fileID: 0}
  m_GameObject: {fileID: 0}
  m_Enabled: 1
  m_EditorHideFlags: 0
  m_Script: {fileID: 11500000, guid: 01a5ed615b99647c698e34e7d34376ea, type: 3}
  m_Name: 
  m_EditorClassIdentifier: 
--- !u!4 &7439721691015059361 stripped
Transform:
  m_CorrespondingSourceObject: {fileID: 6656036114075860064, guid: 183b9bf8ffe354cf08b70abec40f08bf,
    type: 3}
  m_PrefabInstance: {fileID: 4278928588672150465}
  m_PrefabAsset: {fileID: 0}
--- !u!1001 &4278928588682478522
PrefabInstance:
  m_ObjectHideFlags: 0
  serializedVersion: 2
  m_Modification:
    m_TransformParent: {fileID: 4278928587245727745}
    m_Modifications:
    - target: {fileID: 6656036114075860064, guid: 183b9bf8ffe354cf08b70abec40f08bf,
        type: 3}
      propertyPath: m_LocalPosition.x
      value: -10
      objectReference: {fileID: 0}
    - target: {fileID: 6656036114075860064, guid: 183b9bf8ffe354cf08b70abec40f08bf,
        type: 3}
      propertyPath: m_LocalPosition.y
      value: 0
      objectReference: {fileID: 0}
    - target: {fileID: 6656036114075860064, guid: 183b9bf8ffe354cf08b70abec40f08bf,
        type: 3}
      propertyPath: m_LocalPosition.z
      value: 20
      objectReference: {fileID: 0}
    - target: {fileID: 6656036114075860064, guid: 183b9bf8ffe354cf08b70abec40f08bf,
        type: 3}
      propertyPath: m_LocalRotation.x
      value: 0
      objectReference: {fileID: 0}
    - target: {fileID: 6656036114075860064, guid: 183b9bf8ffe354cf08b70abec40f08bf,
        type: 3}
      propertyPath: m_LocalRotation.y
      value: 0
      objectReference: {fileID: 0}
    - target: {fileID: 6656036114075860064, guid: 183b9bf8ffe354cf08b70abec40f08bf,
        type: 3}
      propertyPath: m_LocalRotation.z
      value: 0
      objectReference: {fileID: 0}
    - target: {fileID: 6656036114075860064, guid: 183b9bf8ffe354cf08b70abec40f08bf,
        type: 3}
      propertyPath: m_LocalRotation.w
      value: 1
      objectReference: {fileID: 0}
    - target: {fileID: 6656036114075860064, guid: 183b9bf8ffe354cf08b70abec40f08bf,
        type: 3}
      propertyPath: m_RootOrder
      value: 11
      objectReference: {fileID: 0}
    - target: {fileID: 6656036114075860064, guid: 183b9bf8ffe354cf08b70abec40f08bf,
        type: 3}
      propertyPath: m_LocalEulerAnglesHint.x
      value: 0
      objectReference: {fileID: 0}
    - target: {fileID: 6656036114075860064, guid: 183b9bf8ffe354cf08b70abec40f08bf,
        type: 3}
      propertyPath: m_LocalEulerAnglesHint.y
      value: 0
      objectReference: {fileID: 0}
    - target: {fileID: 6656036114075860064, guid: 183b9bf8ffe354cf08b70abec40f08bf,
        type: 3}
      propertyPath: m_LocalEulerAnglesHint.z
      value: 0
      objectReference: {fileID: 0}
    - target: {fileID: 7745017233846084059, guid: 183b9bf8ffe354cf08b70abec40f08bf,
        type: 3}
      propertyPath: m_Name
      value: BluckCluster6 (8)
      objectReference: {fileID: 0}
    m_RemovedComponents: []
  m_SourcePrefab: {fileID: 100100000, guid: 183b9bf8ffe354cf08b70abec40f08bf, type: 3}
--- !u!4 &7439721691003453402 stripped
Transform:
  m_CorrespondingSourceObject: {fileID: 6656036114075860064, guid: 183b9bf8ffe354cf08b70abec40f08bf,
    type: 3}
  m_PrefabInstance: {fileID: 4278928588682478522}
  m_PrefabAsset: {fileID: 0}
--- !u!114 &1236088130717987882 stripped
MonoBehaviour:
  m_CorrespondingSourceObject: {fileID: 3046326133297215376, guid: 183b9bf8ffe354cf08b70abec40f08bf,
    type: 3}
  m_PrefabInstance: {fileID: 4278928588682478522}
  m_PrefabAsset: {fileID: 0}
  m_GameObject: {fileID: 0}
  m_Enabled: 1
  m_EditorHideFlags: 0
  m_Script: {fileID: 11500000, guid: 01a5ed615b99647c698e34e7d34376ea, type: 3}
  m_Name: 
  m_EditorClassIdentifier: 
--- !u!1001 &4278928588722910178
PrefabInstance:
  m_ObjectHideFlags: 0
  serializedVersion: 2
  m_Modification:
    m_TransformParent: {fileID: 4278928587245727745}
    m_Modifications:
    - target: {fileID: 6656036114075860064, guid: 183b9bf8ffe354cf08b70abec40f08bf,
        type: 3}
      propertyPath: m_LocalPosition.x
      value: 10
      objectReference: {fileID: 0}
    - target: {fileID: 6656036114075860064, guid: 183b9bf8ffe354cf08b70abec40f08bf,
        type: 3}
      propertyPath: m_LocalPosition.y
      value: 0
      objectReference: {fileID: 0}
    - target: {fileID: 6656036114075860064, guid: 183b9bf8ffe354cf08b70abec40f08bf,
        type: 3}
      propertyPath: m_LocalPosition.z
      value: -2.5
      objectReference: {fileID: 0}
    - target: {fileID: 6656036114075860064, guid: 183b9bf8ffe354cf08b70abec40f08bf,
        type: 3}
      propertyPath: m_LocalRotation.x
      value: 0
      objectReference: {fileID: 0}
    - target: {fileID: 6656036114075860064, guid: 183b9bf8ffe354cf08b70abec40f08bf,
        type: 3}
      propertyPath: m_LocalRotation.y
      value: 0
      objectReference: {fileID: 0}
    - target: {fileID: 6656036114075860064, guid: 183b9bf8ffe354cf08b70abec40f08bf,
        type: 3}
      propertyPath: m_LocalRotation.z
      value: 0
      objectReference: {fileID: 0}
    - target: {fileID: 6656036114075860064, guid: 183b9bf8ffe354cf08b70abec40f08bf,
        type: 3}
      propertyPath: m_LocalRotation.w
      value: 1
      objectReference: {fileID: 0}
    - target: {fileID: 6656036114075860064, guid: 183b9bf8ffe354cf08b70abec40f08bf,
        type: 3}
      propertyPath: m_RootOrder
      value: 3
      objectReference: {fileID: 0}
    - target: {fileID: 6656036114075860064, guid: 183b9bf8ffe354cf08b70abec40f08bf,
        type: 3}
      propertyPath: m_LocalEulerAnglesHint.x
      value: 0
      objectReference: {fileID: 0}
    - target: {fileID: 6656036114075860064, guid: 183b9bf8ffe354cf08b70abec40f08bf,
        type: 3}
      propertyPath: m_LocalEulerAnglesHint.y
      value: 0
      objectReference: {fileID: 0}
    - target: {fileID: 6656036114075860064, guid: 183b9bf8ffe354cf08b70abec40f08bf,
        type: 3}
      propertyPath: m_LocalEulerAnglesHint.z
      value: 0
      objectReference: {fileID: 0}
    - target: {fileID: 7745017233846084059, guid: 183b9bf8ffe354cf08b70abec40f08bf,
        type: 3}
      propertyPath: m_Name
      value: BluckCluster6
      objectReference: {fileID: 0}
    m_RemovedComponents: []
  m_SourcePrefab: {fileID: 100100000, guid: 183b9bf8ffe354cf08b70abec40f08bf, type: 3}
--- !u!114 &1236088130662876274 stripped
MonoBehaviour:
  m_CorrespondingSourceObject: {fileID: 3046326133297215376, guid: 183b9bf8ffe354cf08b70abec40f08bf,
    type: 3}
  m_PrefabInstance: {fileID: 4278928588722910178}
  m_PrefabAsset: {fileID: 0}
  m_GameObject: {fileID: 0}
  m_Enabled: 1
  m_EditorHideFlags: 0
  m_Script: {fileID: 11500000, guid: 01a5ed615b99647c698e34e7d34376ea, type: 3}
  m_Name: 
  m_EditorClassIdentifier: 
--- !u!4 &7439721690965086082 stripped
Transform:
  m_CorrespondingSourceObject: {fileID: 6656036114075860064, guid: 183b9bf8ffe354cf08b70abec40f08bf,
    type: 3}
  m_PrefabInstance: {fileID: 4278928588722910178}
  m_PrefabAsset: {fileID: 0}
--- !u!1001 &4358102548193407056
PrefabInstance:
  m_ObjectHideFlags: 0
  serializedVersion: 2
  m_Modification:
    m_TransformParent: {fileID: 4278928588258136186}
    m_Modifications:
    - target: {fileID: 4284506106821580394, guid: d5aba6fbd673745c683a27f02b5adbe5,
        type: 3}
      propertyPath: m_LocalPosition.x
      value: -12.5
      objectReference: {fileID: 0}
    - target: {fileID: 4284506106821580394, guid: d5aba6fbd673745c683a27f02b5adbe5,
        type: 3}
      propertyPath: m_LocalPosition.y
      value: 0
      objectReference: {fileID: 0}
    - target: {fileID: 4284506106821580394, guid: d5aba6fbd673745c683a27f02b5adbe5,
        type: 3}
      propertyPath: m_LocalPosition.z
      value: 10
      objectReference: {fileID: 0}
    - target: {fileID: 4284506106821580394, guid: d5aba6fbd673745c683a27f02b5adbe5,
        type: 3}
      propertyPath: m_LocalRotation.x
      value: -0.7071068
      objectReference: {fileID: 0}
    - target: {fileID: 4284506106821580394, guid: d5aba6fbd673745c683a27f02b5adbe5,
        type: 3}
      propertyPath: m_LocalRotation.y
      value: -0
      objectReference: {fileID: 0}
    - target: {fileID: 4284506106821580394, guid: d5aba6fbd673745c683a27f02b5adbe5,
        type: 3}
      propertyPath: m_LocalRotation.z
      value: -0
      objectReference: {fileID: 0}
    - target: {fileID: 4284506106821580394, guid: d5aba6fbd673745c683a27f02b5adbe5,
        type: 3}
      propertyPath: m_LocalRotation.w
      value: 0.7071068
      objectReference: {fileID: 0}
    - target: {fileID: 4284506106821580394, guid: d5aba6fbd673745c683a27f02b5adbe5,
        type: 3}
      propertyPath: m_RootOrder
      value: 6
      objectReference: {fileID: 0}
    - target: {fileID: 4284506106821580394, guid: d5aba6fbd673745c683a27f02b5adbe5,
        type: 3}
      propertyPath: m_LocalEulerAnglesHint.x
      value: -90
      objectReference: {fileID: 0}
    - target: {fileID: 4284506106821580394, guid: d5aba6fbd673745c683a27f02b5adbe5,
        type: 3}
      propertyPath: m_LocalEulerAnglesHint.y
      value: 0
      objectReference: {fileID: 0}
    - target: {fileID: 4284506106821580394, guid: d5aba6fbd673745c683a27f02b5adbe5,
        type: 3}
      propertyPath: m_LocalEulerAnglesHint.z
      value: 0
      objectReference: {fileID: 0}
    - target: {fileID: 6826118741282644745, guid: d5aba6fbd673745c683a27f02b5adbe5,
        type: 3}
      propertyPath: m_Name
      value: Block-HourGlass (6)
      objectReference: {fileID: 0}
    m_RemovedComponents: []
  m_SourcePrefab: {fileID: 100100000, guid: d5aba6fbd673745c683a27f02b5adbe5, type: 3}
--- !u!4 &508494131540878906 stripped
Transform:
  m_CorrespondingSourceObject: {fileID: 4284506106821580394, guid: d5aba6fbd673745c683a27f02b5adbe5,
    type: 3}
  m_PrefabInstance: {fileID: 4358102548193407056}
  m_PrefabAsset: {fileID: 0}
--- !u!1001 &4726283262581614550
PrefabInstance:
  m_ObjectHideFlags: 0
  serializedVersion: 2
  m_Modification:
    m_TransformParent: {fileID: 4278928588258136186}
    m_Modifications:
    - target: {fileID: 4284506106821580394, guid: d5aba6fbd673745c683a27f02b5adbe5,
        type: 3}
      propertyPath: m_LocalPosition.x
      value: 10
      objectReference: {fileID: 0}
    - target: {fileID: 4284506106821580394, guid: d5aba6fbd673745c683a27f02b5adbe5,
        type: 3}
      propertyPath: m_LocalPosition.y
      value: 0
      objectReference: {fileID: 0}
    - target: {fileID: 4284506106821580394, guid: d5aba6fbd673745c683a27f02b5adbe5,
        type: 3}
      propertyPath: m_LocalPosition.z
      value: 12.5
      objectReference: {fileID: 0}
    - target: {fileID: 4284506106821580394, guid: d5aba6fbd673745c683a27f02b5adbe5,
        type: 3}
      propertyPath: m_LocalRotation.x
      value: -0.7071068
      objectReference: {fileID: 0}
    - target: {fileID: 4284506106821580394, guid: d5aba6fbd673745c683a27f02b5adbe5,
        type: 3}
      propertyPath: m_LocalRotation.y
      value: -0
      objectReference: {fileID: 0}
    - target: {fileID: 4284506106821580394, guid: d5aba6fbd673745c683a27f02b5adbe5,
        type: 3}
      propertyPath: m_LocalRotation.z
      value: -0
      objectReference: {fileID: 0}
    - target: {fileID: 4284506106821580394, guid: d5aba6fbd673745c683a27f02b5adbe5,
        type: 3}
      propertyPath: m_LocalRotation.w
      value: 0.7071068
      objectReference: {fileID: 0}
    - target: {fileID: 4284506106821580394, guid: d5aba6fbd673745c683a27f02b5adbe5,
        type: 3}
      propertyPath: m_RootOrder
      value: 5
      objectReference: {fileID: 0}
    - target: {fileID: 4284506106821580394, guid: d5aba6fbd673745c683a27f02b5adbe5,
        type: 3}
      propertyPath: m_LocalEulerAnglesHint.x
      value: -90
      objectReference: {fileID: 0}
    - target: {fileID: 4284506106821580394, guid: d5aba6fbd673745c683a27f02b5adbe5,
        type: 3}
      propertyPath: m_LocalEulerAnglesHint.y
      value: 0
      objectReference: {fileID: 0}
    - target: {fileID: 4284506106821580394, guid: d5aba6fbd673745c683a27f02b5adbe5,
        type: 3}
      propertyPath: m_LocalEulerAnglesHint.z
      value: 0
      objectReference: {fileID: 0}
    - target: {fileID: 6826118741282644745, guid: d5aba6fbd673745c683a27f02b5adbe5,
        type: 3}
      propertyPath: m_Name
      value: Block-HourGlass (5)
      objectReference: {fileID: 0}
    m_RemovedComponents: []
  m_SourcePrefab: {fileID: 100100000, guid: d5aba6fbd673745c683a27f02b5adbe5, type: 3}
--- !u!4 &8854848778412929468 stripped
Transform:
  m_CorrespondingSourceObject: {fileID: 4284506106821580394, guid: d5aba6fbd673745c683a27f02b5adbe5,
    type: 3}
  m_PrefabInstance: {fileID: 4726283262581614550}
  m_PrefabAsset: {fileID: 0}
--- !u!1001 &6492130746336754464
PrefabInstance:
  m_ObjectHideFlags: 0
  serializedVersion: 2
  m_Modification:
    m_TransformParent: {fileID: 4278928588258136186}
    m_Modifications:
    - target: {fileID: 4284506106821580394, guid: d5aba6fbd673745c683a27f02b5adbe5,
        type: 3}
      propertyPath: m_LocalPosition.x
      value: -10
      objectReference: {fileID: 0}
    - target: {fileID: 4284506106821580394, guid: d5aba6fbd673745c683a27f02b5adbe5,
        type: 3}
      propertyPath: m_LocalPosition.y
      value: 0
      objectReference: {fileID: 0}
    - target: {fileID: 4284506106821580394, guid: d5aba6fbd673745c683a27f02b5adbe5,
        type: 3}
      propertyPath: m_LocalPosition.z
      value: 10
      objectReference: {fileID: 0}
    - target: {fileID: 4284506106821580394, guid: d5aba6fbd673745c683a27f02b5adbe5,
        type: 3}
      propertyPath: m_LocalRotation.x
      value: -0.7071068
      objectReference: {fileID: 0}
    - target: {fileID: 4284506106821580394, guid: d5aba6fbd673745c683a27f02b5adbe5,
        type: 3}
      propertyPath: m_LocalRotation.y
      value: -0
      objectReference: {fileID: 0}
    - target: {fileID: 4284506106821580394, guid: d5aba6fbd673745c683a27f02b5adbe5,
        type: 3}
      propertyPath: m_LocalRotation.z
      value: -0
      objectReference: {fileID: 0}
    - target: {fileID: 4284506106821580394, guid: d5aba6fbd673745c683a27f02b5adbe5,
        type: 3}
      propertyPath: m_LocalRotation.w
      value: 0.7071068
      objectReference: {fileID: 0}
    - target: {fileID: 4284506106821580394, guid: d5aba6fbd673745c683a27f02b5adbe5,
        type: 3}
      propertyPath: m_RootOrder
      value: 0
      objectReference: {fileID: 0}
    - target: {fileID: 4284506106821580394, guid: d5aba6fbd673745c683a27f02b5adbe5,
        type: 3}
      propertyPath: m_LocalEulerAnglesHint.x
      value: -90
      objectReference: {fileID: 0}
    - target: {fileID: 4284506106821580394, guid: d5aba6fbd673745c683a27f02b5adbe5,
        type: 3}
      propertyPath: m_LocalEulerAnglesHint.y
      value: 0
      objectReference: {fileID: 0}
    - target: {fileID: 4284506106821580394, guid: d5aba6fbd673745c683a27f02b5adbe5,
        type: 3}
      propertyPath: m_LocalEulerAnglesHint.z
      value: 0
      objectReference: {fileID: 0}
    - target: {fileID: 6826118741282644745, guid: d5aba6fbd673745c683a27f02b5adbe5,
        type: 3}
      propertyPath: m_Name
      value: Block-HourGlass
      objectReference: {fileID: 0}
    m_RemovedComponents: []
  m_SourcePrefab: {fileID: 100100000, guid: d5aba6fbd673745c683a27f02b5adbe5, type: 3}
--- !u!4 &7020321402513042762 stripped
Transform:
  m_CorrespondingSourceObject: {fileID: 4284506106821580394, guid: d5aba6fbd673745c683a27f02b5adbe5,
    type: 3}
  m_PrefabInstance: {fileID: 6492130746336754464}
  m_PrefabAsset: {fileID: 0}
--- !u!1001 &6652933494360510240
PrefabInstance:
  m_ObjectHideFlags: 0
  serializedVersion: 2
  m_Modification:
    m_TransformParent: {fileID: 4278928588258136186}
    m_Modifications:
    - target: {fileID: 4284506106821580394, guid: d5aba6fbd673745c683a27f02b5adbe5,
        type: 3}
      propertyPath: m_LocalPosition.x
      value: -10
      objectReference: {fileID: 0}
    - target: {fileID: 4284506106821580394, guid: d5aba6fbd673745c683a27f02b5adbe5,
        type: 3}
      propertyPath: m_LocalPosition.y
      value: 0
      objectReference: {fileID: 0}
    - target: {fileID: 4284506106821580394, guid: d5aba6fbd673745c683a27f02b5adbe5,
        type: 3}
      propertyPath: m_LocalPosition.z
      value: 7.5
      objectReference: {fileID: 0}
    - target: {fileID: 4284506106821580394, guid: d5aba6fbd673745c683a27f02b5adbe5,
        type: 3}
      propertyPath: m_LocalRotation.x
      value: -0.7071068
      objectReference: {fileID: 0}
    - target: {fileID: 4284506106821580394, guid: d5aba6fbd673745c683a27f02b5adbe5,
        type: 3}
      propertyPath: m_LocalRotation.y
      value: -0
      objectReference: {fileID: 0}
    - target: {fileID: 4284506106821580394, guid: d5aba6fbd673745c683a27f02b5adbe5,
        type: 3}
      propertyPath: m_LocalRotation.z
      value: -0
      objectReference: {fileID: 0}
    - target: {fileID: 4284506106821580394, guid: d5aba6fbd673745c683a27f02b5adbe5,
        type: 3}
      propertyPath: m_LocalRotation.w
      value: 0.7071068
      objectReference: {fileID: 0}
    - target: {fileID: 4284506106821580394, guid: d5aba6fbd673745c683a27f02b5adbe5,
        type: 3}
      propertyPath: m_RootOrder
      value: 1
      objectReference: {fileID: 0}
    - target: {fileID: 4284506106821580394, guid: d5aba6fbd673745c683a27f02b5adbe5,
        type: 3}
      propertyPath: m_LocalEulerAnglesHint.x
      value: -90
      objectReference: {fileID: 0}
    - target: {fileID: 4284506106821580394, guid: d5aba6fbd673745c683a27f02b5adbe5,
        type: 3}
      propertyPath: m_LocalEulerAnglesHint.y
      value: 0
      objectReference: {fileID: 0}
    - target: {fileID: 4284506106821580394, guid: d5aba6fbd673745c683a27f02b5adbe5,
        type: 3}
      propertyPath: m_LocalEulerAnglesHint.z
      value: 0
      objectReference: {fileID: 0}
    - target: {fileID: 6826118741282644745, guid: d5aba6fbd673745c683a27f02b5adbe5,
        type: 3}
      propertyPath: m_Name
      value: Block-HourGlass (1)
      objectReference: {fileID: 0}
    m_RemovedComponents: []
  m_SourcePrefab: {fileID: 100100000, guid: d5aba6fbd673745c683a27f02b5adbe5, type: 3}
--- !u!4 &7432742967468595530 stripped
Transform:
  m_CorrespondingSourceObject: {fileID: 4284506106821580394, guid: d5aba6fbd673745c683a27f02b5adbe5,
    type: 3}
  m_PrefabInstance: {fileID: 6652933494360510240}
  m_PrefabAsset: {fileID: 0}
--- !u!1001 &8262433908591286888
PrefabInstance:
  m_ObjectHideFlags: 0
  serializedVersion: 2
  m_Modification:
    m_TransformParent: {fileID: 4278928588258136186}
    m_Modifications:
    - target: {fileID: 4284506106821580394, guid: d5aba6fbd673745c683a27f02b5adbe5,
        type: 3}
      propertyPath: m_LocalPosition.x
      value: 10
      objectReference: {fileID: 0}
    - target: {fileID: 4284506106821580394, guid: d5aba6fbd673745c683a27f02b5adbe5,
        type: 3}
      propertyPath: m_LocalPosition.y
      value: 0
      objectReference: {fileID: 0}
    - target: {fileID: 4284506106821580394, guid: d5aba6fbd673745c683a27f02b5adbe5,
        type: 3}
      propertyPath: m_LocalPosition.z
      value: 7.5
      objectReference: {fileID: 0}
    - target: {fileID: 4284506106821580394, guid: d5aba6fbd673745c683a27f02b5adbe5,
        type: 3}
      propertyPath: m_LocalRotation.x
      value: -0.7071068
      objectReference: {fileID: 0}
    - target: {fileID: 4284506106821580394, guid: d5aba6fbd673745c683a27f02b5adbe5,
        type: 3}
      propertyPath: m_LocalRotation.y
      value: -0
      objectReference: {fileID: 0}
    - target: {fileID: 4284506106821580394, guid: d5aba6fbd673745c683a27f02b5adbe5,
        type: 3}
      propertyPath: m_LocalRotation.z
      value: -0
      objectReference: {fileID: 0}
    - target: {fileID: 4284506106821580394, guid: d5aba6fbd673745c683a27f02b5adbe5,
        type: 3}
      propertyPath: m_LocalRotation.w
      value: 0.7071068
      objectReference: {fileID: 0}
    - target: {fileID: 4284506106821580394, guid: d5aba6fbd673745c683a27f02b5adbe5,
        type: 3}
      propertyPath: m_RootOrder
      value: 4
      objectReference: {fileID: 0}
    - target: {fileID: 4284506106821580394, guid: d5aba6fbd673745c683a27f02b5adbe5,
        type: 3}
      propertyPath: m_LocalEulerAnglesHint.x
      value: -90
      objectReference: {fileID: 0}
    - target: {fileID: 4284506106821580394, guid: d5aba6fbd673745c683a27f02b5adbe5,
        type: 3}
      propertyPath: m_LocalEulerAnglesHint.y
      value: 0
      objectReference: {fileID: 0}
    - target: {fileID: 4284506106821580394, guid: d5aba6fbd673745c683a27f02b5adbe5,
        type: 3}
      propertyPath: m_LocalEulerAnglesHint.z
      value: 0
      objectReference: {fileID: 0}
    - target: {fileID: 6826118741282644745, guid: d5aba6fbd673745c683a27f02b5adbe5,
        type: 3}
      propertyPath: m_Name
      value: Block-HourGlass (4)
      objectReference: {fileID: 0}
    m_RemovedComponents: []
  m_SourcePrefab: {fileID: 100100000, guid: d5aba6fbd673745c683a27f02b5adbe5, type: 3}
--- !u!4 &5323131921384754178 stripped
Transform:
  m_CorrespondingSourceObject: {fileID: 4284506106821580394, guid: d5aba6fbd673745c683a27f02b5adbe5,
    type: 3}
  m_PrefabInstance: {fileID: 8262433908591286888}
  m_PrefabAsset: {fileID: 0}
--- !u!1001 &8278974882232402873
PrefabInstance:
  m_ObjectHideFlags: 0
  serializedVersion: 2
  m_Modification:
    m_TransformParent: {fileID: 4278928588258136186}
    m_Modifications:
    - target: {fileID: 4284506106821580394, guid: d5aba6fbd673745c683a27f02b5adbe5,
        type: 3}
      propertyPath: m_LocalPosition.x
      value: 10
      objectReference: {fileID: 0}
    - target: {fileID: 4284506106821580394, guid: d5aba6fbd673745c683a27f02b5adbe5,
        type: 3}
      propertyPath: m_LocalPosition.y
      value: 0
      objectReference: {fileID: 0}
    - target: {fileID: 4284506106821580394, guid: d5aba6fbd673745c683a27f02b5adbe5,
        type: 3}
      propertyPath: m_LocalPosition.z
      value: 10
      objectReference: {fileID: 0}
    - target: {fileID: 4284506106821580394, guid: d5aba6fbd673745c683a27f02b5adbe5,
        type: 3}
      propertyPath: m_LocalRotation.x
      value: -0.7071068
      objectReference: {fileID: 0}
    - target: {fileID: 4284506106821580394, guid: d5aba6fbd673745c683a27f02b5adbe5,
        type: 3}
      propertyPath: m_LocalRotation.y
      value: -0
      objectReference: {fileID: 0}
    - target: {fileID: 4284506106821580394, guid: d5aba6fbd673745c683a27f02b5adbe5,
        type: 3}
      propertyPath: m_LocalRotation.z
      value: -0
      objectReference: {fileID: 0}
    - target: {fileID: 4284506106821580394, guid: d5aba6fbd673745c683a27f02b5adbe5,
        type: 3}
      propertyPath: m_LocalRotation.w
      value: 0.7071068
      objectReference: {fileID: 0}
    - target: {fileID: 4284506106821580394, guid: d5aba6fbd673745c683a27f02b5adbe5,
        type: 3}
      propertyPath: m_RootOrder
      value: 3
      objectReference: {fileID: 0}
    - target: {fileID: 4284506106821580394, guid: d5aba6fbd673745c683a27f02b5adbe5,
        type: 3}
      propertyPath: m_LocalEulerAnglesHint.x
      value: -90
      objectReference: {fileID: 0}
    - target: {fileID: 4284506106821580394, guid: d5aba6fbd673745c683a27f02b5adbe5,
        type: 3}
      propertyPath: m_LocalEulerAnglesHint.y
      value: 0
      objectReference: {fileID: 0}
    - target: {fileID: 4284506106821580394, guid: d5aba6fbd673745c683a27f02b5adbe5,
        type: 3}
      propertyPath: m_LocalEulerAnglesHint.z
      value: 0
      objectReference: {fileID: 0}
    - target: {fileID: 6826118741282644745, guid: d5aba6fbd673745c683a27f02b5adbe5,
        type: 3}
      propertyPath: m_Name
      value: Block-HourGlass (3)
      objectReference: {fileID: 0}
    m_RemovedComponents: []
  m_SourcePrefab: {fileID: 100100000, guid: d5aba6fbd673745c683a27f02b5adbe5, type: 3}
--- !u!4 &5301102143020701139 stripped
Transform:
  m_CorrespondingSourceObject: {fileID: 4284506106821580394, guid: d5aba6fbd673745c683a27f02b5adbe5,
    type: 3}
  m_PrefabInstance: {fileID: 8278974882232402873}
  m_PrefabAsset: {fileID: 0}
