%YAML 1.1
%TAG !u! tag:unity3d.com,2011:
--- !u!1 &7745017233846084059
GameObject:
  m_ObjectHideFlags: 0
  m_CorrespondingSourceObject: {fileID: 0}
  m_PrefabInstance: {fileID: 0}
  m_PrefabAsset: {fileID: 0}
  serializedVersion: 6
  m_Component:
  - component: {fileID: 6656036114075860064}
  - component: {fileID: 3046326133297215376}
  m_Layer: 0
  m_Name: BluckCluster6
  m_TagString: Untagged
  m_Icon: {fileID: 0}
  m_NavMeshLayer: 0
  m_StaticEditorFlags: 0
  m_IsActive: 1
--- !u!4 &6656036114075860064
Transform:
  m_ObjectHideFlags: 0
  m_CorrespondingSourceObject: {fileID: 0}
  m_PrefabInstance: {fileID: 0}
  m_PrefabAsset: {fileID: 0}
  m_GameObject: {fileID: 7745017233846084059}
  m_LocalRotation: {x: 0, y: 0, z: 0, w: 1}
  m_LocalPosition: {x: 0, y: 0, z: 0}
  m_LocalScale: {x: 1, y: 1, z: 1}
  m_Children:
  - {fileID: 3049663940763779892}
  - {fileID: 4203212458757876002}
  m_Father: {fileID: 0}
  m_RootOrder: 0
  m_LocalEulerAnglesHint: {x: 0, y: 0, z: 0}
--- !u!114 &3046326133297215376
MonoBehaviour:
  m_ObjectHideFlags: 0
  m_CorrespondingSourceObject: {fileID: 0}
  m_PrefabInstance: {fileID: 0}
  m_PrefabAsset: {fileID: 0}
  m_GameObject: {fileID: 7745017233846084059}
  m_Enabled: 1
  m_EditorHideFlags: 0
  m_Script: {fileID: 11500000, guid: 01a5ed615b99647c698e34e7d34376ea, type: 3}
  m_Name: 
  m_EditorClassIdentifier: 
  blockList:
  - {fileID: 390545354266773541}
  - {fileID: 6888939769097362497}
--- !u!1001 &2678082495785756305
PrefabInstance:
  m_ObjectHideFlags: 0
  serializedVersion: 2
  m_Modification:
    m_TransformParent: {fileID: 6656036114075860064}
    m_Modifications:
    - target: {fileID: 2269456464760410035, guid: 6142f2e17a73741b69c28c5eca1c6157,
        type: 3}
      propertyPath: m_LocalPosition.x
      value: 0
      objectReference: {fileID: 0}
    - target: {fileID: 2269456464760410035, guid: 6142f2e17a73741b69c28c5eca1c6157,
        type: 3}
      propertyPath: m_LocalPosition.y
      value: 1.6
      objectReference: {fileID: 0}
    - target: {fileID: 2269456464760410035, guid: 6142f2e17a73741b69c28c5eca1c6157,
        type: 3}
      propertyPath: m_LocalPosition.z
      value: -0
      objectReference: {fileID: 0}
    - target: {fileID: 2269456464760410035, guid: 6142f2e17a73741b69c28c5eca1c6157,
        type: 3}
      propertyPath: m_LocalRotation.x
      value: -0.7071068
      objectReference: {fileID: 0}
    - target: {fileID: 2269456464760410035, guid: 6142f2e17a73741b69c28c5eca1c6157,
        type: 3}
      propertyPath: m_LocalRotation.y
      value: 0
      objectReference: {fileID: 0}
    - target: {fileID: 2269456464760410035, guid: 6142f2e17a73741b69c28c5eca1c6157,
        type: 3}
      propertyPath: m_LocalRotation.z
      value: 0
      objectReference: {fileID: 0}
    - target: {fileID: 2269456464760410035, guid: 6142f2e17a73741b69c28c5eca1c6157,
        type: 3}
      propertyPath: m_LocalRotation.w
      value: 0.7071068
      objectReference: {fileID: 0}
    - target: {fileID: 2269456464760410035, guid: 6142f2e17a73741b69c28c5eca1c6157,
        type: 3}
      propertyPath: m_RootOrder
      value: 1
      objectReference: {fileID: 0}
    - target: {fileID: 2269456464760410035, guid: 6142f2e17a73741b69c28c5eca1c6157,
        type: 3}
      propertyPath: m_LocalEulerAnglesHint.x
      value: -90
      objectReference: {fileID: 0}
    - target: {fileID: 2269456464760410035, guid: 6142f2e17a73741b69c28c5eca1c6157,
        type: 3}
      propertyPath: m_LocalEulerAnglesHint.y
      value: 0
      objectReference: {fileID: 0}
    - target: {fileID: 2269456464760410035, guid: 6142f2e17a73741b69c28c5eca1c6157,
        type: 3}
      propertyPath: m_LocalEulerAnglesHint.z
      value: 0
      objectReference: {fileID: 0}
    - target: {fileID: 8840596785205115600, guid: 6142f2e17a73741b69c28c5eca1c6157,
        type: 3}
      propertyPath: m_Name
      value: Block-Pyramid
      objectReference: {fileID: 0}
    m_RemovedComponents: []
  m_SourcePrefab: {fileID: 100100000, guid: 6142f2e17a73741b69c28c5eca1c6157, type: 3}
--- !u!1 &6888939769097362497 stripped
GameObject:
  m_CorrespondingSourceObject: {fileID: 8840596785205115600, guid: 6142f2e17a73741b69c28c5eca1c6157,
    type: 3}
  m_PrefabInstance: {fileID: 2678082495785756305}
  m_PrefabAsset: {fileID: 0}
--- !u!4 &4203212458757876002 stripped
Transform:
  m_CorrespondingSourceObject: {fileID: 2269456464760410035, guid: 6142f2e17a73741b69c28c5eca1c6157,
    type: 3}
  m_PrefabInstance: {fileID: 2678082495785756305}
  m_PrefabAsset: {fileID: 0}
--- !u!1001 &6561452104402989346
PrefabInstance:
  m_ObjectHideFlags: 0
  serializedVersion: 2
  m_Modification:
    m_TransformParent: {fileID: 6656036114075860064}
    m_Modifications:
    - target: {fileID: 6801995656952936711, guid: 08595032867b1490ab689d70f5c1a056,
        type: 3}
      propertyPath: m_Name
      value: Block-Rectangle
      objectReference: {fileID: 0}
    - target: {fileID: 8168510332959388182, guid: 08595032867b1490ab689d70f5c1a056,
        type: 3}
      propertyPath: m_LocalPosition.x
      value: 0
      objectReference: {fileID: 0}
    - target: {fileID: 8168510332959388182, guid: 08595032867b1490ab689d70f5c1a056,
        type: 3}
      propertyPath: m_LocalPosition.y
      value: 0.81
      objectReference: {fileID: 0}
    - target: {fileID: 8168510332959388182, guid: 08595032867b1490ab689d70f5c1a056,
        type: 3}
      propertyPath: m_LocalPosition.z
      value: 0
      objectReference: {fileID: 0}
    - target: {fileID: 8168510332959388182, guid: 08595032867b1490ab689d70f5c1a056,
        type: 3}
      propertyPath: m_LocalRotation.x
      value: 0
      objectReference: {fileID: 0}
    - target: {fileID: 8168510332959388182, guid: 08595032867b1490ab689d70f5c1a056,
        type: 3}
      propertyPath: m_LocalRotation.y
      value: 0
      objectReference: {fileID: 0}
    - target: {fileID: 8168510332959388182, guid: 08595032867b1490ab689d70f5c1a056,
        type: 3}
      propertyPath: m_LocalRotation.z
      value: 0
      objectReference: {fileID: 0}
    - target: {fileID: 8168510332959388182, guid: 08595032867b1490ab689d70f5c1a056,
        type: 3}
      propertyPath: m_LocalRotation.w
      value: 1
      objectReference: {fileID: 0}
    - target: {fileID: 8168510332959388182, guid: 08595032867b1490ab689d70f5c1a056,
        type: 3}
      propertyPath: m_RootOrder
      value: 0
      objectReference: {fileID: 0}
    - target: {fileID: 8168510332959388182, guid: 08595032867b1490ab689d70f5c1a056,
        type: 3}
      propertyPath: m_LocalEulerAnglesHint.x
      value: 0
      objectReference: {fileID: 0}
    - target: {fileID: 8168510332959388182, guid: 08595032867b1490ab689d70f5c1a056,
        type: 3}
      propertyPath: m_LocalEulerAnglesHint.y
      value: 0
      objectReference: {fileID: 0}
    - target: {fileID: 8168510332959388182, guid: 08595032867b1490ab689d70f5c1a056,
        type: 3}
      propertyPath: m_LocalEulerAnglesHint.z
      value: 0
      objectReference: {fileID: 0}
    m_RemovedComponents: []
  m_SourcePrefab: {fileID: 100100000, guid: 08595032867b1490ab689d70f5c1a056, type: 3}
--- !u!1 &390545354266773541 stripped
GameObject:
  m_CorrespondingSourceObject: {fileID: 6801995656952936711, guid: 08595032867b1490ab689d70f5c1a056,
    type: 3}
  m_PrefabInstance: {fileID: 6561452104402989346}
  m_PrefabAsset: {fileID: 0}
--- !u!4 &3049663940763779892 stripped
Transform:
  m_CorrespondingSourceObject: {fileID: 8168510332959388182, guid: 08595032867b1490ab689d70f5c1a056,
    type: 3}
  m_PrefabInstance: {fileID: 6561452104402989346}
  m_PrefabAsset: {fileID: 0}
